@book{boyd2004convex,
  title={Convex optimization},
  author={Boyd, Stephen and Vandenberghe, Lieven},
  year={2004},
  publisher={Cambridge university press}
}

@book{nocedal2006numerical,
  title={Numerical optimization},
  author={Nocedal, Jorge and Wright, Stephen},
  year={2006},
  edition={2},
  publisher={Springer Science \& Business Media}
}

@inproceedings{kuhn1951nonlinear,
  title={Nonlinear programming},
  author={Kuhn, Harold W and Tucker, Albert W},
  booktitle={Berkeley Symposium on Mathematical Statistics and Probability},
  pages={481--492},
  year={1951},
  organization={Berkeley: University of California Press}
}

@mastersthesis{karush1939minima,
  title={Minima of functions of several variables with inequalities as side constraints},
  author={Karush, William},
  school = {Department of Mathematics, University of Chicago, Chicago, Illinois},
  year = 1939
}

@article{kjeldsen2000contextualized,
  title={A contextualized historical analysis of the {Kuhn}--{Tucker} theorem in nonlinear programming: the impact of World War {II}},
  author={Kjeldsen, Tinne Hoff},
  journal={Historia mathematica},
  volume={27},
  number={4},
  pages={331--361},
  year={2000},
  publisher={Elsevier}
}

@techreport{slater1950lagrange,
  title={Lagrange multipliers revisited},
  author={Slater, Morton},
  year={1950},
  institution={Cowles Commission Discussion Paper: Mathematics 403, Yale University}
}

@misc{grant2009cvx,
  title={{CVX}: Matlab software for disciplined convex programming},
  author={Grant, Michael and Boyd, Stephen and Ye, Yinyu},
  year={2009}
}

@book{nesterov1994interior,
  title={Interior-point polynomial algorithms in convex programming},
  author={Nesterov, Yurii and Nemirovskii, Arkadii},
  year={1994},
  publisher={SIAM}
}

@article{vandenberghe1996semidefinite,
  title={Semidefinite programming},
  author={Vandenberghe, Lieven and Boyd, Stephen},
  journal={SIAM review},
  volume={38},
  number={1},
  pages={49--95},
  year={1996},
  publisher={SIAM}
}

@article{everett1963generalized,
  title={Generalized {Lagrange} multiplier method for solving problems of optimum allocation of resources},
  author={Everett III, Hugh},
  journal={Operations research},
  volume={11},
  number={3},
  pages={399--417},
  year={1963},
  publisher={INFORMS}
}

@article{benders1962partitioning,
  title={Partitioning procedures for solving mixed-variables programming problems},
  author={Benders, Jacques F},
  journal={Numerische mathematik},
  volume={4},
  number={1},
  pages={238--252},
  year={1962},
  publisher={Springer-Verlag}
}

@article{dantzig1960decomposition,
  title={Decomposition principle for linear programs},
  author={Dantzig, George B and Wolfe, Philip},
  journal={Operations research},
  volume={8},
  number={1},
  pages={101--111},
  year={1960},
  publisher={INFORMS}
}

@inproceedings{li2019alternating,
  title={Alternating minimizations converge to second-order optimal solutions},
  author={Li, Qiuwei and Zhu, Zhihui and Tang, Gongguo},
  booktitle={International Conference on Machine Learning},
  pages={3935--3943},
  year={2019}
}

@article{jain2017non,
  title={Non-convex optimization for machine learning},
  author={Jain, Prateek and Kar, Purushottam},
  journal={arXiv preprint arXiv:1712.07897},
  year={2017}
}

@article{hestenes1969multiplier,
  title={Multiplier and gradient methods},
  author={Hestenes, Magnus R},
  journal={Journal of optimization theory and applications},
  volume={4},
  number={5},
  pages={303--320},
  year={1969},
  publisher={Springer}
}

@article{powell1969method,
  title={A method for nonlinear constraints in minimization problems},
  author={Powell, Michael JD},
  journal={Optimization},
  pages={283--298},
  year={1969},
  publisher={Academic Press}
}

@article{bertsekas1982method,
  title={The method of multipliers for equality constrained problems},
  author={Bertsekas, Dimitri P},
  journal={Constrained optimization and Lagrange multiplier methods},
  pages={96--157},
  year={1982},
  publisher={Elsevier}
}

@article{gabay1976dual,
  title={A dual algorithm for the solution of nonlinear variational problems via finite element approximation},
  author={Gabay, Daniel and Mercier, Bertrand},
  journal={Computers \& mathematics with applications},
  volume={2},
  number={1},
  pages={17--40},
  year={1976},
  publisher={Elsevier}
}

@inproceedings{glowinski1976finite,
  title={Finite element approximation and iterative methods of solution for 2-{D} nonlinear magnetostatic problems},
  author={Glowinski, R and Marrocco, A},
  booktitle={Proceeding of International Conference on the Computation of Electromagnetic Fields (COMPUMAG)},
  year={1976}
}

@book{boyd2011distributed,
  title={Distributed optimization and statistical learning via the alternating direction method of multipliers},
  author={Boyd, Stephen and Parikh, Neal and Chu, Eric},
  year={2011},
  publisher={Now Publishers Inc}
}

@article{giesen2016distributed,
  title={Distributed convex optimization with many convex constraints},
  author={Giesen, Joachim and Laue, S{\"o}ren},
  journal={arXiv preprint arXiv:1610.02967},
  year={2016}
}

@inproceedings{giesen2019combining,
  title={Combining {ADMM} and the Augmented {Lagrangian} Method for Efficiently Handling Many Constraints},
  author={Giesen, Joachim and Laue, S{\"o}ren},
  booktitle={International Joint Conference on Artificial Intelligence},
  pages={4525--4531},
  year={2019}
}

@article{konevcny2015federated,
  title={Federated optimization: Distributed optimization beyond the datacenter},
  author={Kone{\v{c}}n{\`y}, Jakub and McMahan, Brendan and Ramage, Daniel},
  journal={arXiv preprint arXiv:1511.03575},
  year={2015}
}

@article{li2020federated,
  title={Federated learning: Challenges, methods, and future directions},
  author={Li, Tian and Sahu, Anit Kumar and Talwalkar, Ameet and Smith, Virginia},
  journal={IEEE Signal Processing Magazine},
  volume={37},
  number={3},
  pages={50--60},
  year={2020},
  publisher={IEEE}
}

@book{stoer2013introduction,
  title={Introduction to numerical analysis},
  author={Stoer, Josef and Bulirsch, Roland},
  volume={12},
  year={2013},
  publisher={Springer Science \& Business Media}
}

@article{wright2005interior,
  title={The interior-point revolution in optimization: history, recent developments, and lasting consequences},
  author={Wright, Margaret},
  journal={Bulletin of the American mathematical society},
  volume={42},
  number={1},
  pages={39--56},
  year={2005}
}

@inproceedings{dikin1967iterative,
  title={Iterative solution of problems of linear and quadratic programming},
  author={Dikin, I.I.},
  booktitle={Doklady Akademii Nauk},
  volume={174},
  number={4},
  pages={747--748},
  year={1967},
  organization={Russian Academy of Sciences}
}

@article{potra2000interior,
  title={Interior-point methods},
  author={Potra, Florian A and Wright, Stephen J},
  journal={Journal of computational and applied mathematics},
  volume={124},
  number={1-2},
  pages={281--302},
  year={2000},
  publisher={Elsevier}
}

@book{nesterov2018lectures,
  title={Lectures on convex optimization},
  author={Nesterov, Yurii},
  volume={137},
  year={2018},
  publisher={Springer}
}

@article{fiacco1967sequential,
  title={The sequential unconstrained minimization technique ({SUMT}) without parameters},
  author={Fiacco, Anthony V and McCormick, Garth P},
  journal={Operations Research},
  volume={15},
  number={5},
  pages={820--827},
  year={1967},
  publisher={INFORMS}
}

@inproceedings{liu2021smooth,
  title={Smooth Bandit Optimization: Generalization to {Holder} Space},
  author={Liu, Yusha and Wang, Yining and Singh, Aarti},
  booktitle={International Conference on Artificial Intelligence and Statistics},
  pages={2206--2214},
  year={2021}
}

@article{nesterov1998introductory,
  title={Introductory lectures on convex programming volume {I}: Basic course},
  author={Nesterov, Yurii},
  journal={Lecture notes},
  volume={3},
  number={4},
  pages={5},
  year={1998}
}

@article{wright2015coordinate,
  title={Coordinate descent algorithms},
  author={Wright, Stephen J},
  journal={Mathematical Programming},
  volume={151},
  number={1},
  pages={3--34},
  year={2015},
  publisher={Springer}
}

@article{wu2008coordinate,
  title={Coordinate descent algorithms for lasso penalized regression},
  author={Wu, Tong Tong and Lange, Kenneth},
  journal={The Annals of Applied Statistics},
  volume={2},
  number={1},
  pages={224--244},
  year={2008},
  publisher={Institute of Mathematical Statistics}
}

@article{gower2018convergence,
  title={Convergence theorems for gradient descent},
  author={Gower, Robert M},
  journal={Lecture notes for Statistical Optimization},
  year={2018}
}

@inproceedings{nesterov1983method,
  title={A method for solving the convex programming problem with convergence rate {O}(1/k\^{}2)},
  author={Nesterov, Yurii},
  booktitle={Dokl. Akad. Nauk SSSR},
  volume={269},
  pages={543--547},
  year={1983}
}

@book{nesterov2003introductory,
  title={Introductory lectures on convex optimization: A basic course},
  author={Nesterov, Yurii},
  volume={87},
  year={2003},
  publisher={Springer Science \& Business Media}
}

@article{nesterov2005smooth,
  title={Smooth minimization of non-smooth functions},
  author={Nesterov, Yurii},
  journal={Mathematical programming},
  volume={103},
  number={1},
  pages={127--152},
  year={2005},
  publisher={Springer}
}

@article{armijo1966minimization,
  title={Minimization of functions having {Lipschitz} continuous first partial derivatives},
  author={Armijo, Larry},
  journal={Pacific Journal of mathematics},
  volume={16},
  number={1},
  pages={1--3},
  year={1966},
  publisher={Mathematical Sciences Publishers}
}

@article{bubeck2014convex,
  title={Convex optimization: Algorithms and complexity},
  author={Bubeck, S{\'e}bastien},
  journal={arXiv preprint arXiv:1405.4980},
  year={2014}
}

@article{robbins1951stochastic,
  title={A stochastic approximation method},
  author={Robbins, Herbert and Monro, Sutton},
  journal={The annals of mathematical statistics},
  pages={400--407},
  year={1951},
  publisher={JSTOR}
}

@article{bottou2018optimization,
  title={Optimization methods for large-scale machine learning},
  author={Bottou, L{\'e}on and Curtis, Frank E and Nocedal, Jorge},
  journal={SIAM Review},
  volume={60},
  number={2},
  pages={223--311},
  year={2018},
  publisher={SIAM}
}

@article{su2016differential,
  title={A differential equation for modeling {Nesterov}'s accelerated gradient method: Theory and insights},
  author={Su, Weijie and Boyd, Stephen and Candes, Emmanuel J},
  journal={The Journal of Machine Learning Research},
  volume={17},
  number={1},
  pages={5312--5354},
  year={2016}
}

@article{nesterov1988approach,
  title={On an approach to the construction of optimal methods of minimization of smooth convex functions},
  author={Nesterov, Yurii},
  journal={Ekonomika i Mateaticheskie Metody},
  volume={24},
  number={3},
  pages={509--517},
  year={1988}
}

@article{nesterov2013gradient,
  title={Gradient methods for minimizing composite functions},
  author={Nesterov, Yurii},
  journal={Mathematical Programming},
  volume={140},
  number={1},
  pages={125--161},
  year={2013},
  publisher={Springer}
}

@techreport{hinton2012neural,
  title={Neural networks for machine learning lecture 6a overview of mini-batch gradient descent},
  author={Hinton, Geoffrey and Srivastava, Nitish and Swersky, Kevin},
  year={2012},
  institution={Department of Computer Science, University of Toronto}
}

@article{tieleman2012lecture,
  title={Lecture 6.5-rmsprop: Divide the gradient by a running average of its recent magnitude},
  author={Tieleman, Tijmen and Hinton, Geoffrey},
  journal={COURSERA: Neural networks for machine learning},
  volume={4},
  number={2},
  pages={26--31},
  year={2012}
}

@inproceedings{riedmiller1992rprop,
  title={{Rprop}-a fast adaptive learning algorithm},
  author={Riedmiller, Martin and Braun, Heinrich},
  booktitle={Proceedings of the International Symposium on Computer and Information Science VII},
  year={1992}
}

@article{kingma2014adam,
  title={Adam: A method for stochastic optimization},
  author={Kingma, Diederik P and Ba, Jimmy},
  journal={arXiv preprint arXiv:1412.6980},
  year={2014}
}

@inproceedings{zou2019sufficient,
  title={A sufficient condition for convergences of {Adam} and {RMSProp}},
  author={Zou, Fangyu and Shen, Li and Jie, Zequn and Zhang, Weizhong and Liu, Wei},
  booktitle={Proceedings of the IEEE/CVF Conference on Computer Vision and Pattern Recognition},
  pages={11127--11135},
  year={2019}
}

@book{beck2017first,
  title={First-order methods in optimization},
  author={Beck, Amir},
  year={2017},
  publisher={SIAM}
}

@article{bottou1998online,
  title={Online learning and stochastic approximations},
  author={Bottou, L{\'e}on and others},
  journal={On-line learning in neural networks},
  volume={17},
  number={9},
  pages={142},
  year={1998}
}

@book{absil2009optimization,
  title={Optimization algorithms on matrix manifolds},
  author={Absil, P-A and Mahony, Robert and Sepulchre, Rodolphe},
  year={2009},
  publisher={Princeton University Press}
}

@book{boumal2020introduction,
  title={An introduction to optimization on smooth manifolds},
  author={Boumal, Nicolas},
  year={2020},
  publisher={Available online}
}

@book{hestenes1952methods,
  title={Methods of conjugate gradients for solving linear systems},
  author={Hestenes, Magnus Rudolph and Stiefel, Eduard},
  volume={49},
  number={1},
  year={1952},
  publisher={NBS Washington, DC}
}

@book{fletcher1987practical,
  title={Practical methods of optimization},
  author={Fletcher, Roger},
  year={1987},
  publisher={John Wiley \& Sons}
}

@article{nocedal1980updating,
  title={Updating quasi-{Newton} matrices with limited storage},
  author={Nocedal, Jorge},
  journal={Mathematics of computation},
  volume={35},
  number={151},
  pages={773--782},
  year={1980}
}

@article{liu1989limited,
  title={On the limited memory {BFGS} method for large scale optimization},
  author={Liu, Dong C and Nocedal, Jorge},
  journal={Mathematical programming},
  volume={45},
  number={1},
  pages={503--528},
  year={1989},
  publisher={Springer}
}

@book{goodfellow2016deep,
  title={Deep learning},
  author={Goodfellow, Ian and Bengio, Yoshua and Courville, Aaron},
  year={2016},
  publisher={MIT press}
}

@article{ghojogh2020sampling,
  title={Sampling algorithms, from survey sampling to {Monte} {Carlo} methods: Tutorial and literature review},
  author={Ghojogh, Benyamin and Nekoei, Hadi and Ghojogh, Aydin and Karray, Fakhri and Crowley, Mark},
  journal={arXiv preprint arXiv:2011.00901},
  year={2020}
}

@article{ghojogh2019theory,
  title={The theory behind overfitting, cross validation, regularization, bagging, and boosting: tutorial},
  author={Ghojogh, Benyamin and Crowley, Mark},
  journal={arXiv preprint arXiv:1905.12787},
  year={2019}
}

@article{parikh2014proximal,
  title={Proximal algorithms},
  author={Parikh, Neal and Boyd, Stephen},
  journal={Foundations and Trends in optimization},
  volume={1},
  number={3},
  pages={127--239},
  year={2014},
  publisher={Now Publishers Inc. Hanover, MA, USA}
}

@article{moreau1965proximite,
  title={Proximit{\'e} et dualit{\'e} dans un espace hilbertien},
  author={Moreau, Jean Jacques},
  journal={Bulletin de la Soci{\'e}t{\'e} math{\'e}matique de France},
  volume={93},
  pages={273--299},
  year={1965}
}

@book{yosida1965functional,
  title={Functional analysis},
  author={Yosida, K{\^o}saku},
  year={1965},
  publisher={Springer Berlin Heidelberg}
}

@article{lemarechal1997practical,
  title={Practical aspects of the {Moreau}--{Yosida} regularization: Theoretical preliminaries},
  author={Lemar{\'e}chal, Claude and Sagastiz{\'a}bal, Claudia},
  journal={SIAM journal on optimization},
  volume={7},
  number={2},
  pages={367--385},
  year={1997},
  publisher={SIAM}
}

@article{moreau1962decomposition,
  title={D{\'e}composition orthogonale d'un espace {Hilbertien} selon deux c{\^o}nes mutuellement polaires},
  author={Moreau, Jean Jacques},
  journal={Comptes rendus hebdomadaires des s{\'e}ances de l'Acad{\'e}mie des sciences},
  volume={255},
  pages={238--240},
  year={1962}
}

@article{holder1889ueber,
  title={Ueber einen mittelwerthabsatz},
  author={H{\"o}lder, Otto},
  journal={Nachrichten von der K{\"o}nigl. Gesellschaft der Wissenschaften und der Georg-Augusts-Universit{\"a}t zu G{\"o}ttingen},
  volume={1889},
  pages={38--47},
  year={1889}
}

@article{rockafellar1976monotone,
  title={Monotone operators and the proximal point algorithm},
  author={Rockafellar, R Tyrrell},
  journal={SIAM journal on control and optimization},
  volume={14},
  number={5},
  pages={877--898},
  year={1976},
  publisher={SIAM}
}

@article{beck2009fast,
  title={A fast iterative shrinkage-thresholding algorithm for linear inverse problems},
  author={Beck, Amir and Teboulle, Marc},
  journal={SIAM journal on imaging sciences},
  volume={2},
  number={1},
  pages={183--202},
  year={2009},
  publisher={SIAM}
}

@article{schmidt2011convergence,
  title={Convergence rates of inexact proximal-gradient methods for convex optimization},
  author={Schmidt, Mark and Roux, Nicolas Le and Bach, Francis},
  journal={arXiv preprint arXiv:1109.2415},
  year={2011}
}

@inproceedings{chen2012fast,
  title={A fast distributed proximal-gradient method},
  author={Chen, Annie I and Ozdaglar, Asuman},
  booktitle={2012 50th Annual Allerton Conference on Communication, Control, and Computing (Allerton)},
  pages={601--608},
  year={2012},
  organization={IEEE}
}

@article{drummond2004projected,
  title={A projected gradient method for vector optimization problems},
  author={Drummond, LM Grana and Iusem, Alfredo N},
  journal={Computational Optimization and applications},
  volume={28},
  number={1},
  pages={5--29},
  year={2004},
  publisher={Springer}
}

@article{levitin1966constrained,
  title={Constrained minimization methods},
  author={Levitin, Evgeny S and Polyak, Boris T},
  journal={USSR Computational mathematics and mathematical physics},
  volume={6},
  number={5},
  pages={1--50},
  year={1966},
  publisher={No longer published by Elsevier}
}

@article{frank1956algorithm,
  title={An algorithm for quadratic programming},
  author={Frank, Marguerite and Wolfe, Philip},
  journal={Naval research logistics quarterly},
  volume={3},
  number={1-2},
  pages={95--110},
  year={1956},
  publisher={Wiley Subscription Services, Inc., A Wiley Company New York}
}

@inproceedings{reddi2016stochastic,
  title={Stochastic {Frank}-{Wolfe} methods for nonconvex optimization},
  author={Reddi, Sashank J and Sra, Suvrit and P{\'o}czos, Barnab{\'a}s and Smola, Alex},
  booktitle={2016 54th Annual Allerton Conference on Communication, Control, and Computing (Allerton)},
  pages={1244--1251},
  year={2016},
  organization={IEEE}
}

@article{bauschke1996projection,
  title={On projection algorithms for solving convex feasibility problems},
  author={Bauschke, Heinz H and Borwein, Jonathan M},
  journal={SIAM review},
  volume={38},
  number={3},
  pages={367--426},
  year={1996},
  publisher={SIAM}
}

@incollection{huber1992robust,
  title={Robust estimation of a location parameter},
  author={Huber, Peter J},
  booktitle={Breakthroughs in statistics},
  pages={492--518},
  year={1992},
  publisher={Springer}
}

@article{banaschewski1961proximity,
  title={Proximity functions},
  author={Banaschewski, Bernhard and Maranda, Jean-Marie},
  journal={Mathematische Nachrichten},
  volume={23},
  number={1},
  pages={1--37},
  year={1961},
  publisher={Wiley Online Library}
}

@book{friedman2001elements,
  title={The elements of statistical learning},
  author={Friedman, Jerome and Hastie, Trevor and Tibshirani, Robert and others},
  volume={1},
  number={10},
  year={2001},
  publisher={Springer series in statistics New York}
}

@article{domingos1999role,
  title={The role of {Occam's} razor in knowledge discovery},
  author={Domingos, Pedro},
  journal={Data mining and knowledge discovery},
  volume={3},
  number={4},
  pages={409--425},
  year={1999},
  publisher={Springer}
}

@article{donoho2006most,
  title={For most large underdetermined systems of linear equations the minimal $\ell_1$-norm solution is also the sparsest solution},
  author={Donoho, David L},
  journal={Communications on Pure and Applied Mathematics: A Journal Issued by the Courant Institute of Mathematical Sciences},
  volume={59},
  number={6},
  pages={797--829},
  year={2006},
  publisher={Wiley Online Library}
}

@article{tibshirani1996regression,
  title={Regression shrinkage and selection via the lasso},
  author={Tibshirani, Robert},
  journal={Journal of the Royal Statistical Society: Series B (Methodological)},
  volume={58},
  number={1},
  pages={267--288},
  year={1996},
  publisher={Wiley Online Library}
}

@article{geman1984stochastic,
  title={Stochastic relaxation, {Gibbs} distributions, and the {Bayesian} restoration of images},
  author={Geman, Stuart and Geman, Donald},
  journal={IEEE Transactions on pattern analysis and machine intelligence},
  number={6},
  pages={721--741},
  year={1984},
  publisher={IEEE}
}

@article{luo1992convergence,
  title={On the convergence of the coordinate descent method for convex differentiable minimization},
  author={Luo, Zhi-Quan and Tseng, Paul},
  journal={Journal of Optimization Theory and Applications},
  volume={72},
  number={1},
  pages={7--35},
  year={1992},
  publisher={Springer}
}

@article{luo1993error,
  title={Error bounds and convergence analysis of feasible descent methods: a general approach},
  author={Luo, Zhi-Quan and Tseng, Paul},
  journal={Annals of Operations Research},
  volume={46},
  number={1},
  pages={157--178},
  year={1993},
  publisher={Springer}
}

@article{tseng2001convergence,
  title={Convergence of a block coordinate descent method for nondifferentiable minimization},
  author={Tseng, Paul},
  journal={Journal of optimization theory and applications},
  volume={109},
  number={3},
  pages={475--494},
  year={2001},
  publisher={Springer}
}

@book{hastie2019statistical,
  title={Statistical learning with sparsity: the lasso and generalizations},
  author={Hastie, Trevor and Tibshirani, Robert and Wainwright, Martin},
  year={2019},
  publisher={Chapman and Hall/CRC}
}

@inproceedings{lee2013efficient,
  title={Efficient accelerated coordinate descent methods and faster algorithms for solving linear systems},
  author={Lee, Yin Tat and Sidford, Aaron},
  booktitle={2013 ieee 54th annual symposium on foundations of computer science},
  pages={147--156},
  year={2013},
  organization={IEEE}
}

@article{fercoq2015accelerated,
  title={Accelerated, parallel, and proximal coordinate descent},
  author={Fercoq, Olivier and Richt{\'a}rik, Peter},
  journal={SIAM Journal on Optimization},
  volume={25},
  number={4},
  pages={1997--2023},
  year={2015},
  publisher={SIAM}
}

@book{shor2012minimization,
  title={Minimization methods for non-differentiable functions},
  author={Shor, Naum Zuselevich},
  volume={3},
  year={2012},
  publisher={Springer Science \& Business Media}
}

@techreport{boyd2008stochastic,
  title={Stochastic subgradient methods},
  author={Boyd, Stephen and Mutapcic, Almir},
  year={2008},
  institution={Lecture Notes for EE364b, Stanford University}
}

@book{shor1998nondifferentiable,
  title={Nondifferentiable optimization and polynomial problems},
  author={Shor, Naum Zuselevich},
  volume={24},
  year={1998},
  publisher={Springer Science \& Business Media}
}

@article{alber1998projected,
  title={On the projected subgradient method for nonsmooth convex optimization in a {Hilbert} space},
  author={Alber, Ya I and Iusem, Alfredo N. and Solodov, Mikhail V.},
  journal={Mathematical Programming},
  volume={81},
  number={1},
  pages={23--35},
  year={1998},
  publisher={Springer}
}

@book{dantzig1963linear,
  title={Linear programming and extensions},
  author={Dantzig, George},
  year={1963},
  publisher={Princeton university press}
}

@book{burden1963numerical,
  title={Numerical Analysis},
  author={Burden, Richard L. and Faires, J. Douglas},
  year={1963},
  publisher={PWS Publishers}
}

@incollection{dantzig1983reminiscences,
  title={Reminiscences about the origins of linear programming},
  author={Dantzig, George B},
  booktitle={Mathematical Programming The State of the Art},
  pages={78--86},
  year={1983},
  publisher={Springer}
}

@inproceedings{roux2012stochastic,
  title={A stochastic gradient method with an exponential convergence rate for finite training sets},
  author={Roux, Nicolas Le and Schmidt, Mark and Bach, Francis},
  booktitle={Advances in Neural Information Processing Systems},
  volume={25},
  year={2012}
}

@article{schmidt2017minimizing,
  title={Minimizing finite sums with the stochastic average gradient},
  author={Schmidt, Mark and Le Roux, Nicolas and Bach, Francis},
  journal={Mathematical Programming},
  volume={162},
  number={1-2},
  pages={83--112},
  year={2017},
  publisher={Springer}
}

@article{chen2021san,
  title={{SAN}: Stochastic Average {Newton} Algorithm for Minimizing Finite Sums},
  author={Chen, Jiabin and Yuan, Rui and Garrigos, Guillaume and Gower, Robert M},
  journal={arXiv preprint arXiv:2106.10520},
  year={2021}
}

@article{johnson2013accelerating,
  title={Accelerating stochastic gradient descent using predictive variance reduction},
  author={Johnson, Rie and Zhang, Tong},
  journal={Advances in neural information processing systems},
  volume={26},
  pages={315--323},
  year={2013}
}

@article{wang2019global,
  title={Global convergence of {ADMM} in nonconvex nonsmooth optimization},
  author={Wang, Yu and Yin, Wotao and Zeng, Jinshan},
  journal={Journal of Scientific Computing},
  volume={78},
  number={1},
  pages={29--63},
  year={2019},
  publisher={Springer}
}

@article{zeng2021stochastic,
  title={On Stochastic Variance Reduced Gradient Method for Semidefinite Optimization},
  author={Zeng, Jinshan and Zha, Yixuan and Ma, Ke and Yao, Yuan},
  journal={arXiv preprint arXiv:2101.00236},
  year={2021}
}

@article{duchi2011adaptive,
  title={Adaptive subgradient methods for online learning and stochastic optimization},
  author={Duchi, John and Hazan, Elad and Singer, Yoram},
  journal={Journal of machine learning research},
  volume={12},
  number={7},
  year={2011}
}

@article{rumelhart1986learning,
  title={Learning representations by back-propagating errors},
  author={Rumelhart, David E and Hinton, Geoffrey E and Williams, Ronald J},
  journal={nature},
  volume={323},
  number={6088},
  pages={533--536},
  year={1986},
  publisher={Nature Publishing Group}
}

@techreport{tseng2008accelerated,
  title={On accelerated proximal gradient methods for convex-concave optimization},
  author={Tseng, Paul},
  year={2008},
  institution={MIT University}
}

@book{chong2004introduction,
  title={An introduction to optimization},
  author={Chong, Edwin KP and Zak, Stanislaw H},
  year={2004},
  publisher={John Wiley \& Sons}
}

@article{wolfe1969convergence,
  title={Convergence conditions for ascent methods},
  author={Wolfe, Philip},
  journal={SIAM review},
  volume={11},
  number={2},
  pages={226--235},
  year={1969},
  publisher={SIAM}
}

@book{zhang2006schur,
  title={The Schur complement and its applications},
  author={Zhang, Fuzhen},
  volume={4},
  year={2006},
  publisher={Springer Science \& Business Media}
}

@book{golub2013matrix,
  title={Matrix computations},
  author={Golub, Gene H and Van Loan, Charles F},
  volume={3},
  year={2013},
  publisher={JHU press}
}

@book{kelley1995iterative,
  title={Iterative methods for linear and nonlinear equations},
  author={Kelley, Carl T},
  year={1995},
  publisher={SIAM}
}

@article{fletcher1964function,
  title={Function minimization by conjugate gradients},
  author={Fletcher, Reeves and Reeves, Colin M},
  journal={The computer journal},
  volume={7},
  number={2},
  pages={149--154},
  year={1964},
  publisher={Oxford University Press}
}

@article{polak1969note,
  title={Note sur la convergence de m{\'e}thodes de directions conjugu{\'e}es},
  author={Polak, Elijah and Ribiere, Gerard},
  journal={ESAIM: Mathematical Modelling and Numerical Analysis-Mod{\'e}lisation Math{\'e}matique et Analyse Num{\'e}rique},
  volume={3},
  number={R1},
  pages={35--43},
  year={1969}
}

@article{dai1999nonlinear,
  title={A nonlinear conjugate gradient method with a strong global convergence property},
  author={Dai, Yu-Hong and Yuan, Yaxiang},
  journal={SIAM Journal on optimization},
  volume={10},
  number={1},
  pages={177--182},
  year={1999},
  publisher={SIAM}
}

@article{krylov1931numerical,
  title={On the numerical solution of equation by which are determined in technical problems the frequencies of small vibrations of material systems},
  author={Krylov, AN},
  journal={News Acad. Sci. USSR},
  volume={7},
  pages={491--539},
  year={1931}
}

@article{broyden1965class,
  title={A class of methods for solving nonlinear simultaneous equations},
  author={Broyden, Charles G},
  journal={Mathematics of computation},
  volume={19},
  number={92},
  pages={577--593},
  year={1965},
  publisher={JSTOR}
}

@article{davidon1991variable,
  title={Variable metric method for minimization},
  author={Davidon, William C},
  journal={SIAM Journal on Optimization},
  volume={1},
  number={1},
  pages={1--17},
  year={1991},
  publisher={SIAM}
}

@article{conn1991convergence,
  title={Convergence of quasi-Newton matrices generated by the symmetric rank one update},
  author={Conn, Andrew R and Gould, Nicholas IM and Toint, Ph L},
  journal={Mathematical programming},
  volume={50},
  number={1},
  pages={177--195},
  year={1991},
  publisher={Springer}
}

@book{avriel2003nonlinear,
  title={Nonlinear programming: analysis and methods},
  author={Avriel, Mordecai},
  year={2003},
  publisher={Courier Corporation}
}

@book{dennis1996numerical,
  title={Numerical methods for unconstrained optimization and nonlinear equations},
  author={Dennis Jr, John E and Schnabel, Robert B},
  year={1996},
  publisher={SIAM}
}

@article{hosseini2020alternative,
  title={An alternative to {EM} for {Gaussian} mixture models: batch and stochastic {Riemannian} optimization},
  author={Hosseini, Reshad and Sra, Suvrit},
  journal={Mathematical Programming},
  volume={181},
  number={1},
  pages={187--223},
  year={2020},
  publisher={Springer}
}

@book{lee2007nonlinear,
  title={Nonlinear dimensionality reduction},
  author={Lee, John A and Verleysen, Michel},
  year={2007},
  publisher={Springer Science \& Business Media}
}

@article{andrei2019diagonal,
  title={A diagonal quasi-{Newton} updating method for unconstrained optimization},
  author={Andrei, Neculai},
  journal={Numerical Algorithms},
  volume={81},
  number={2},
  pages={575--590},
  year={2019},
  publisher={Springer}
}

@book{steele2004cauchy,
  title={The {Cauchy}-{Schwarz} master class: an introduction to the art of mathematical inequalities},
  author={Steele, J Michael},
  year={2004},
  publisher={Cambridge University Press}
}

@article{fan1951maximum,
  title={Maximum properties and inequalities for the eigenvalues of completely continuous operators},
  author={Fan, Ky},
  journal={Proceedings of the National Academy of Sciences of the United States of America},
  volume={37},
  number={11},
  pages={760},
  year={1951},
  publisher={National Academy of Sciences}
}

@article{magnus1985matrix,
  title={Matrix differential calculus with applications to simple, Hadamard, and Kronecker products},
  author={Magnus, Jan R and Neudecker, Heinz},
  journal={Journal of Mathematical Psychology},
  volume={29},
  number={4},
  pages={474--492},
  year={1985},
  publisher={Elsevier}
}

@article{hjorungnes2007complex,
  title={Complex-valued matrix differentiation: Techniques and key results},
  author={Hjorungnes, Are and Gesbert, David},
  journal={IEEE Transactions on Signal Processing},
  volume={55},
  number={6},
  pages={2740--2746},
  year={2007},
  publisher={IEEE}
}

@techreport{chong2021MH,
  title={Complex Methods for the Sciences},
  author={Chong, Yidong D.},
  year={2021},
  institution={Nanyang Technological University}
}

@inproceedings{otero2018alternate,
  title={Alternate direction method of multipliers for unconstrained structural similarity-based optimization},
  author={Otero, Daniel and La Torre, Davide and Michailovich, Oleg V and Vrscay, Edward R},
  booktitle={International Conference Image Analysis and Recognition},
  pages={20--29},
  year={2018},
  organization={Springer}
}

@techreport{boyd2007localization,
  title={Localization and cutting-plane methods},
  author={Boyd, Stephen and Vandenberghe, Lieven},
  year={2007},
  institution={Stanford EE 364b lecture notes}
}

@article{goffin1993computation,
  title={On the computation of weighted analytic centers and dual ellipsoids with the projective algorithm},
  author={Goffin, Jean-Louis and Vial, Jean-Philippe},
  journal={Mathematical Programming},
  volume={60},
  number={1},
  pages={81--92},
  year={1993},
  publisher={Springer}
}

@article{nesterov1995cutting,
  title={Cutting plane algorithms from analytic centers: efficiency estimates},
  author={Nesterov, Yurii},
  journal={Mathematical Programming},
  volume={69},
  number={1},
  pages={149--176},
  year={1995}
}

@article{atkinson1995cutting,
  title={A cutting plane algorithm for convex programming that uses analytic centers},
  author={Atkinson, David S and Vaidya, Pravin M},
  journal={Mathematical Programming},
  volume={69},
  number={1},
  pages={1--43},
  year={1995},
  publisher={Springer}
}

@inproceedings{khachiyan1979polynomial,
  title={A polynomial algorithm in linear programming},
  author={Khachiyan, Leonid Genrikhovich},
  booktitle={Doklady Akademii Nauk},
  volume={244},
  number={5},
  pages={1093--1096},
  year={1979},
  organization={Russian Academy of Sciences}
}

@article{shor1977cut,
  title={Cut-off method with space extension in convex programming problems},
  author={Shor, Naum Zuselevich},
  journal={Cybernetics},
  volume={13},
  number={1},
  pages={94--96},
  year={1977},
  publisher={Springer}
}

@article{yudin1977evaluation,
  title={Evaluation of the informational complexity of mathematical programming problems},
  author={Yudin, DB and Nemirovski, AS},
  journal={{\`E}kon Math Metod, English translation: Matekon},
  volume={13},
  number={2},
  pages={3--24},
  year={1977}
}

@article{yudin1976informational,
  title={Informational complexity and efficient methods for the solution of convex extremal problems},
  author={Yudin, DB and Nemirovski, Arkadi S},
  journal={{\`E}kon Math Metod, English translation: Matekon},
  volume={13},
  number={2},
  pages={22--45},
  year={1976}
}

@article{yudin1977optimization,
  title={Optimization Methods Adapting to the ``Significant" Dimension of the Problem},
  author={Yudin, DB and Nemirovski, AS},
  journal={Autom Telemekhanika, English translation: Automation and Remote Control},
  volume={38},
  number={4},
  pages={513--524},
  year={1977}
}

@article{rebennack2009ellipsoid,
  title={Ellipsoid Method},
  journal={Encyclopedia of Optimization},
  author={Rebennack, Steffen},
  pages={890--899},
  year={2009},
  publisher={Springer}
}

@article{wolfe1980invited,
  title={Invited Note—Some References for the Ellipsoid Algorithm},
  author={Wolfe, Philip},
  journal={Management Science},
  volume={26},
  number={8},
  pages={747--749},
  year={1980},
  publisher={INFORMS}
}

@article{nash2000survey,
  title={A survey of truncated-{Newton} methods},
  author={Nash, Stephen G},
  journal={Journal of computational and applied mathematics},
  volume={124},
  number={1-2},
  pages={45--59},
  year={2000},
  publisher={Elsevier}
}

@article{feizi2017porcupine,
  title={Porcupine neural networks:(almost) all local optima are global},
  author={Feizi, Soheil and Javadi, Hamid and Zhang, Jesse and Tse, David},
  journal={arXiv preprint arXiv:1710.02196},
  year={2017}
}

@techreport{duchi2018sequential,
  title={Sequential Convex Programming},
  author={Duchi, John and Boyd, Stephen and Mattingley, Jacob},
  year={2018},
  institution={Notes for EE364b, Stanford University}
}

@article{boggs1995sequential,
  title={Sequential quadratic programming},
  author={Boggs, Paul T and Tolle, Jon W},
  journal={Acta numerica},
  volume={4},
  pages={1--51},
  year={1995},
  publisher={Cambridge University Press}
}

@incollection{dinh2010local,
  title={Local convergence of sequential convex programming for nonconvex optimization},
  author={Dinh, Quoc Tran and Diehl, Moritz},
  booktitle={Recent Advances in Optimization and its Applications in Engineering},
  pages={93--102},
  year={2010},
  publisher={Springer}
}

@book{conn2000trust,
  title={Trust region methods},
  author={Conn, Andrew R and Gould, Nicholas IM and Toint, Philippe L},
  year={2000},
  publisher={SIAM}
}

@incollection{di1994exact,
  title={Exact penalty methods},
  author={Di Pillo, Gianni},
  booktitle={Algorithms for Continuous Optimization},
  pages={209--253},
  year={1994},
  publisher={Springer}
}

@article{ghojogh2021reproducing,
  title={Reproducing Kernel {Hilbert} Space, {Mercer}'s Theorem, Eigenfunctions, {N}ystr\"om Method, and Use of Kernels in Machine Learning: Tutorial and Survey},
  author={Ghojogh, Benyamin and Ghodsi, Ali and Karray, Fakhri and Crowley, Mark},
  journal={arXiv preprint arXiv:2106.08443},
  year={2021}
}

@article{land1960automatic,
  title={An automatic method for solving discrete programming problems},
  author={Land, Ailsa H and Doig, Alison G},
  journal={Econometrica},
  volume={28},
  number={3},
  pages={497--520},
  year={1960}
}

@book{du2013minimax,
  title={Minimax and applications},
  author={Du, Ding-Zhu and Pardalos, Panos M},
  volume={4},
  year={2013},
  publisher={Springer Science \& Business Media}
}

@article{aumann1972some,
  title={Some thoughts on the minimax principle},
  author={Aumann, Robert J and Maschler, Michael},
  journal={Management Science},
  volume={18},
  number={5-part-2},
  pages={54--63},
  year={1972},
  publisher={INFORMS}
}

@article{petersen2012matrix,
  title={The matrix cookbook},
  author={Petersen, Kaare Brandt and Pedersen, Michael Syskind},
  journal={Technical University of Denmark},
  volume={15},
  year={2012}
}

@article{lemarechal2012cauchy,
  title={Cauchy and the gradient method},
  author={Lemar{\'e}chal, Claude},
  journal={Doc Math Extra},
  volume={251},
  number={254},
  pages={10},
  year={2012}
}

@book{hadamard1908memoire,
  title={M{\'e}moire sur le probl{\`e}me d'analyse relatif {\`a} l'{\'e}quilibre des plaques {\'e}lastiques encastr{\'e}es},
  author={Hadamard, Jacques},
  volume={33},
  year={1908},
  publisher={Imprimerie nationale}
}

@article{curry1944method,
  title={The method of steepest descent for non-linear minimization problems},
  author={Curry, Haskell B},
  journal={Quarterly of Applied Mathematics},
  volume={2},
  number={3},
  pages={258--261},
  year={1944}
}

@article{iusem2003convergence,
  title={On the convergence properties of the projected gradient method for convex optimization},
  author={Iusem, Alfredo N},
  journal={Computational \& Applied Mathematics},
  volume={22},
  pages={37--52},
  year={2003},
  publisher={SciELO Brasil}
}

@article{tikhomirov1996evolution,
  title={The evolution of methods of convex optimization},
  author={Tikhomirov, Vladimir M},
  journal={The American Mathematical Monthly},
  volume={103},
  number={1},
  pages={65--71},
  year={1996},
  publisher={Taylor \& Francis}
}

@article{hosseini2020recent,
  title={Recent advances in stochastic {Riemannian} optimization},
  author={Hosseini, Reshad and Sra, Suvrit},
  journal={Handbook of Variational Methods for Nonlinear Geometric Data},
  pages={527--554},
  year={2020},
  publisher={Springer}
}

@article{sra2015conic,
  title={Conic geometric optimization on the manifold of positive definite matrices},
  author={Sra, Suvrit and Hosseini, Reshad},
  journal={SIAM Journal on Optimization},
  volume={25},
  number={1},
  pages={713--739},
  year={2015},
  publisher={SIAM}
}

@article{edelman1998geometry,
  title={The geometry of algorithms with orthogonality constraints},
  author={Edelman, Alan and Arias, Tom{\'a}s A and Smith, Steven T},
  journal={SIAM journal on Matrix Analysis and Applications},
  volume={20},
  number={2},
  pages={303--353},
  year={1998},
  publisher={SIAM}
}

@incollection{lee2013quotient,
  title={Quotient Manifolds},
  author={Lee, John M},
  booktitle={Introduction to Smooth Manifolds},
  pages={540--563},
  year={2013},
  publisher={Springer}
}

@article{bendokat2020grassmann,
  title={A {Grassmann} manifold handbook: Basic geometry and computational aspects},
  author={Bendokat, Thomas and Zimmermann, Ralf and Absil, P-A},
  journal={arXiv preprint arXiv:2011.13699},
  year={2020}
}

@article{hu2020brief,
  title={A brief introduction to manifold optimization},
  author={Hu, Jiang and Liu, Xin and Wen, Zai-Wen and Yuan, Ya-Xiang},
  journal={Journal of the Operations Research Society of China},
  volume={8},
  number={2},
  pages={199--248},
  year={2020},
  publisher={Springer}
}

@article{soltanolkotabi2018theoretical,
  title={Theoretical insights into the optimization landscape of over-parameterized shallow neural networks},
  author={Soltanolkotabi, Mahdi and Javanmard, Adel and Lee, Jason D},
  journal={IEEE Transactions on Information Theory},
  volume={65},
  number={2},
  pages={742--769},
  year={2018},
  publisher={IEEE}
}

@article{allen2019learning,
  title={Learning and generalization in overparameterized neural networks, going beyond two layers},
  author={Allen-Zhu, Zeyuan and Li, Yuanzhi and Liang, Yingyu},
  journal={Advances in neural information processing systems},
  year={2019}
}

@inproceedings{allen2019convergence,
  title={A convergence theory for deep learning via over-parameterization},
  author={Allen-Zhu, Zeyuan and Li, Yuanzhi and Song, Zhao},
  booktitle={International Conference on Machine Learning},
  pages={242--252},
  year={2019}
}

@book{talbi2009metaheuristics,
  title={Metaheuristics: from design to implementation},
  author={Talbi, El-Ghazali},
  volume={74},
  year={2009},
  publisher={John Wiley \& Sons}
}

@book{yang2010nature,
  title={Nature-inspired metaheuristic algorithms},
  author={Yang, Xin-She},
  year={2010},
  publisher={Luniver press}
}

@book{simon2013evolutionary,
  title={Evolutionary optimization algorithms},
  author={Simon, Dan},
  year={2013},
  publisher={John Wiley \& Sons}
}

@book{holland1992adaptation,
  title={Adaptation in natural and artificial systems: an introductory analysis with applications to biology, control, and artificial intelligence},
  author={Holland, John Henry and others},
  year={1992},
  publisher={MIT press}
}

@inproceedings{kennedy1995particle,
  title={Particle swarm optimization},
  author={Kennedy, James and Eberhart, Russell},
  booktitle={Proceedings of ICNN'95-international conference on neural networks},
  volume={4},
  pages={1942--1948},
  year={1995},
  organization={IEEE}
}

@article{sammon1969nonlinear,
  title={A nonlinear mapping for data structure analysis},
  author={Sammon, John W},
  journal={IEEE Transactions on computers},
  volume={100},
  number={5},
  pages={401--409},
  year={1969},
  publisher={IEEE}
}

