@article{ng2001spectral,
  title={On spectral clustering: Analysis and an algorithm},
  author={Ng, Andrew and Jordan, Michael and Weiss, Yair},
  journal={Advances in neural information processing systems},
  volume={14},
  pages={849--856},
  year={2001}
}

@article{von2008consistency,
  title={Consistency of spectral clustering},
  author={Von Luxburg, Ulrike and Belkin, Mikhail and Bousquet, Olivier},
  journal={The Annals of Statistics},
  pages={555--586},
  year={2008},
  publisher={JSTOR}
}

@inproceedings{blaschko2008correlational,
  title={Correlational spectral clustering},
  author={Blaschko, Matthew B and Lampert, Christoph H},
  booktitle={2008 IEEE Conference on Computer Vision and Pattern Recognition},
  pages={1--8},
  year={2008},
  organization={IEEE}
}

@article{yang2016fuzzy,
  title={Fuzzy Partition based Similarity Measure for Spectral Clustering},
  author={Yang, Yifang and Wang, Yuping},
  journal={International Journal of Signal Processing, Image Processing and Pattern Recognition},
  volume={9},
  number={10},
  pages={417--428},
  year={2016}
}

@article{yang2016novel,
  title={A novel spectral clustering method with superpixels for image segmentation},
  author={Yang, Yifang and Wang, Yuping and Xue, Xingsi},
  journal={Optik},
  volume={127},
  number={1},
  pages={161--167},
  year={2016},
  publisher={Elsevier}
}

@inproceedings{kumar2011co,
  title={Co-regularized multi-view spectral clustering},
  author={Kumar, Abhishek and Rai, Piyush and Daume, Hal},
  booktitle={Advances in neural information processing systems},
  pages={1413--1421},
  year={2011}
}

@inproceedings{kumar2011co2,
  title={A co-training approach for multi-view spectral clustering},
  author={Kumar, Abhishek and Daum{\'e}, Hal},
  booktitle={Proceedings of the 28th international conference on machine learning},
  pages={393--400},
  year={2011}
}

@article{yin2019multi,
  title={Multi-view clustering via spectral embedding fusion},
  author={Yin, Hongwei and Li, Fanzhang and Zhang, Li and Zhang, Zhao},
  journal={Soft Computing},
  volume={23},
  number={1},
  pages={343--356},
  year={2019},
  publisher={Springer}
}

@article{bengio2003out,
  title={Out-of-sample extensions for {LLE}, {Isomap}, {MDS}, eigenmaps, and spectral clustering},
  author={Bengio, Yoshua and Paiement, Jean-fran{\c{c}}cois and Vincent, Pascal and Delalleau, Olivier and Roux, Nicolas and Ouimet, Marie},
  journal={Advances in neural information processing systems},
  volume={16},
  pages={177--184},
  year={2003}
}

@article{nascimento2011spectral,
  title={Spectral methods for graph clustering--a survey},
  author={Nascimento, Maria CV and De Carvalho, Andre CPLF},
  journal={European Journal of Operational Research},
  volume={211},
  number={2},
  pages={221--231},
  year={2011},
  publisher={Elsevier}
}

@article{guan2008survey,
  title={Survey on Spectral Clustering Algorithms [J]},
  author={Guan-zhong, CAI Xiao-yan DAI and Li-bin, YANG},
  journal={Computer Science},
  volume={7},
  number={005},
  year={2008}
}

@inproceedings{guo2012survey,
  title={A survey on spectral clustering},
  author={Guo, Cuimei and Zheng, Sheng and Xie, Yaocheng and Hao, Wei},
  booktitle={World Automation Congress 2012},
  pages={53--56},
  year={2012},
  organization={IEEE}
}

@article{zelnik2004self,
  title={Self-tuning spectral clustering},
  author={Zelnik-Manor, Lihi and Perona, Pietro},
  journal={Advances in neural information processing systems},
  volume={17},
  pages={1601--1608},
  year={2004}
}

@inproceedings{banijamali2017fast,
  title={Fast spectral clustering using autoencoders and landmarks},
  author={Banijamali, Ershad and Ghodsi, Ali},
  booktitle={International Conference Image Analysis and Recognition},
  pages={380--388},
  year={2017},
  organization={Springer}
}

@article{von2007tutorial,
  title={A tutorial on spectral clustering},
  author={Von Luxburg, Ulrike},
  journal={Statistics and computing},
  volume={17},
  number={4},
  pages={395--416},
  year={2007},
  publisher={Springer}
}

@article{weiss2008spectral,
  title={Spectral hashing},
  author={Weiss, Yair and Torralba, Antonio and Fergus, Rob},
  journal={Advances in neural information processing systems},
  volume={21},
  pages={1753--1760},
  year={2008}
}

@article{belkin2003laplacian,
  title={Laplacian eigenmaps for dimensionality reduction and data representation},
  author={Belkin, Mikhail and Niyogi, Partha},
  journal={Neural computation},
  volume={15},
  number={6},
  pages={1373--1396},
  year={2003},
  publisher={MIT Press}
}

@inproceedings{guo2006kernel,
  title={Kernel {Laplacian} eigenmaps for visualization of non-vectorial data},
  author={Guo, Yi and Gao, Junbin and Kwan, Paul WH},
  booktitle={Australasian Joint Conference on Artificial Intelligence},
  pages={1179--1183},
  year={2006},
  organization={Springer}
}

@inproceedings{brand2003continuous,
  title={Continuous nonlinear dimensionality reduction by kernel eigenmaps},
  author={Brand, Matthew},
  booktitle={International Joint Conference on Artificial Intelligence},
  pages={547--554},
  year={2003}
}

@inproceedings{lombaert2014laplacian,
  title={Laplacian forests: semantic image segmentation by guided bagging},
  author={Lombaert, Herve and Zikic, Darko and Criminisi, Antonio and Ayache, Nicholas},
  booktitle={International Conference on Medical Image Computing and Computer-Assisted Intervention},
  pages={496--504},
  year={2014},
  organization={Springer}
}

@article{he2005face,
  title={Face recognition using {Laplacianfaces}},
  author={He, Xiaofei and Yan, Shuicheng and Hu, Yuxiao and Niyogi, Partha and Zhang, Hong-Jiang},
  journal={IEEE transactions on pattern analysis and machine intelligence},
  volume={27},
  number={3},
  pages={328--340},
  year={2005},
  publisher={IEEE}
}

@article{belkin2006convergence,
  title={Convergence of {Laplacian} eigenmaps},
  author={Belkin, Mikhail and Niyogi, Partha},
  journal={Advances in neural information processing systems},
  volume={19},
  pages={129--136},
  year={2006}
}

@article{ghojogh2019eigenvalue,
  title={Eigenvalue and generalized eigenvalue problems: Tutorial},
  author={Ghojogh, Benyamin and Karray, Fakhri and Crowley, Mark},
  journal={arXiv preprint arXiv:1903.11240},
  year={2019}
}

@article{ghojogh2019feature,
  title={Feature selection and feature extraction in pattern analysis: A literature review},
  author={Ghojogh, Benyamin and Samad, Maria N and Mashhadi, Sayema Asif and Kapoor, Tania and Ali, Wahab and Karray, Fakhri and Crowley, Mark},
  journal={arXiv preprint arXiv:1905.02845},
  year={2019}
}

@inproceedings{carreira2007laplacian,
  title={The {Laplacian} eigenmaps latent variable model},
  author={Carreira-Perpin{\'a}n, Miguel A and Lu, Zhengdong},
  booktitle={Artificial Intelligence and Statistics},
  pages={59--66},
  year={2007}
}

@article{singer2006graph,
  title={From graph to manifold {Laplacian}: The convergence rate},
  author={Singer, Amit},
  journal={Applied and Computational Harmonic Analysis},
  volume={21},
  number={1},
  pages={128--134},
  year={2006},
  publisher={Elsevier}
}

@article{bunte2012general,
  title={A general framework for dimensionality-reducing data visualization mapping},
  author={Bunte, Kerstin and Biehl, Michael and Hammer, Barbara},
  journal={Neural Computation},
  volume={24},
  number={3},
  pages={771--804},
  year={2012},
  publisher={MIT Press}
}

@inproceedings{roychowdhury2009robust,
  title={Robust {Laplacian} Eigenmaps using global information},
  author={Roychowdhury, Shounak},
  booktitle={2009 AAAI Fall Symposium Series},
  year={2009},
  organization={Citeseer}
}

@inproceedings{he2004locality,
  title={Locality preserving projections},
  author={He, Xiaofei and Niyogi, Partha},
  booktitle={Advances in neural information processing systems},
  pages={153--160},
  year={2004}
}

@article{wong2012supervised,
  title={Supervised optimal locality preserving projection},
  author={Wong, Wai Keung and Zhao, HT},
  journal={Pattern Recognition},
  volume={45},
  number={1},
  pages={186--197},
  year={2012},
  publisher={Elsevier}
}

@article{li2008kernel,
  title={Kernel class-wise locality preserving projection},
  author={Li, Jun-Bao and Pan, Jeng-Shyang and Chu, Shu-Chuan},
  journal={Information Sciences},
  volume={178},
  number={7},
  pages={1825--1835},
  year={2008},
  publisher={Elsevier}
}

@inproceedings{shikkenawis2012improving,
  title={Improving the locality preserving projection for dimensionality reduction},
  author={Shikkenawis, Gitam and Mitra, Suman K},
  booktitle={2012 Third International Conference on Emerging Applications of Information Technology},
  pages={161--164},
  year={2012},
  organization={IEEE}
}

@article{cheng2005supervised,
  title={Supervised kernel locality preserving projections for face recognition},
  author={Cheng, Jian and Liu, Qingshan and Lu, Hanqing and Chen, Yen-Wei},
  journal={Neurocomputing},
  volume={67},
  pages={443--449},
  year={2005},
  publisher={Elsevier}
}

@article{shikkenawis2016some,
  title={On some variants of locality preserving projection},
  author={Shikkenawis, Gitam and Mitra, Suman K},
  journal={Neurocomputing},
  volume={173},
  pages={196--211},
  year={2016},
  publisher={Elsevier}
}

@article{chen20072d,
  title={{2D-LPP}: A two-dimensional extension of locality preserving projections},
  author={Chen, Sibao and Zhao, Haifeng and Kong, Min and Luo, Bin},
  journal={Neurocomputing},
  volume={70},
  number={4-6},
  pages={912--921},
  year={2007},
  publisher={Elsevier}
}

@article{hu2007two,
  title={Two-dimensional locality preserving projections ({2DLPP}) with its application to palmprint recognition},
  author={Hu, Dewen and Feng, Guiyu and Zhou, Zongtan},
  journal={Pattern recognition},
  volume={40},
  number={1},
  pages={339--342},
  year={2007},
  publisher={Elsevier}
}

@article{xu2009one,
  title={One improvement to two-dimensional locality preserving projection method for use with face recognition},
  author={Xu, Yong and Feng, Ge and Zhao, Yingnan},
  journal={Neurocomputing},
  volume={73},
  number={1-3},
  pages={245--249},
  year={2009},
  publisher={Elsevier}
}

@article{chen20192drlpp,
  title={{2DRLPP}: Robust two-dimensional locality preserving projection with regularization},
  author={Chen, Wei-Jie and Li, Chun-Na and Shao, Yuan-Hai and Zhang, Ju and Deng, Nai-Yang},
  journal={Knowledge-Based Systems},
  volume={169},
  pages={53--66},
  year={2019},
  publisher={Elsevier}
}

@article{yin2019multiview,
  title={Multiview uncorrelated locality preserving projection},
  author={Yin, Jun and Sun, Shiliang},
  journal={IEEE transactions on neural networks and learning systems},
  year={2019},
  publisher={IEEE}
}

@article{cai2005document,
  title={Document clustering using locality preserving indexing},
  author={Cai, Deng and He, Xiaofei and Han, Jiawei},
  journal={IEEE Transactions on Knowledge and Data Engineering},
  volume={17},
  number={12},
  pages={1624--1637},
  year={2005},
  publisher={IEEE}
}

@article{yang2017discriminant,
  title={Discriminant sparse locality preserving projection for face recognition},
  author={Yang, Yifang and Wang, Yuping and Xue, Xingsi},
  journal={Multimedia Tools and Applications},
  volume={76},
  number={2},
  pages={2697--2712},
  year={2017},
  publisher={Springer}
}

@inproceedings{tang2008study,
  title={A study of using locality preserving projections for feature extraction in speech recognition},
  author={Tang, Yun and Rose, Richard},
  booktitle={2008 IEEE International Conference on Acoustics, Speech and Signal Processing},
  pages={1569--1572},
  year={2008},
  organization={IEEE}
}

@article{zhang2010graph,
  title={Graph-optimized locality preserving projections},
  author={Zhang, Limei and Qiao, Lishan and Chen, Songcan},
  journal={Pattern Recognition},
  volume={43},
  number={6},
  pages={1993--2002},
  year={2010},
  publisher={Elsevier}
}

@inproceedings{he2003learning,
  title={Learning a locality preserving subspace for visual recognition},
  author={He, Xiaofei and Yan, Shuicheng and Hu, Yuxiao and Zhang, Hong-Jiang},
  booktitle={Proceedings Ninth IEEE International Conference on Computer Vision},
  pages={385--392},
  year={2003},
  organization={IEEE}
}

@article{yu2006face,
  title={Face recognition using discriminant locality preserving projections},
  author={Yu, Weiwei and Teng, Xiaolong and Liu, Chongqing},
  journal={Image and Vision computing},
  volume={24},
  number={3},
  pages={239--248},
  year={2006},
  publisher={Elsevier}
}

@article{wang2017locality,
  title={Locality preserving projections for {Grassmann} manifold},
  author={Wang, Boyue and Hu, Yongli and Gao, Junbin and Sun, Yanfeng and Chen, Haoran and Yin, Baocai},
  journal={arXiv preprint arXiv:1704.08458},
  year={2017}
}

@article{coifman2006diffusion,
  title={Diffusion maps},
  author={Coifman, Ronald R and Lafon, St{\'e}phane},
  journal={Applied and computational harmonic analysis},
  volume={21},
  number={1},
  pages={5--30},
  year={2006},
  publisher={Elsevier}
}

@article{singer2012vector,
  title={Vector diffusion maps and the connection Laplacian},
  author={Singer, Amit and Wu, H-T},
  journal={Communications on pure and applied mathematics},
  volume={65},
  number={8},
  pages={1067--1144},
  year={2012},
  publisher={Wiley Online Library}
}

@article{nadler2006diffusion,
  title={Diffusion maps, spectral clustering and reaction coordinates of dynamical systems},
  author={Nadler, Boaz and Lafon, St{\'e}phane and Coifman, Ronald R and Kevrekidis, Ioannis G},
  journal={Applied and Computational Harmonic Analysis},
  volume={21},
  number={1},
  pages={113--127},
  year={2006},
  publisher={Elsevier}
}

@article{lafon2006data,
  title={Data fusion and multicue data matching by diffusion maps},
  author={Lafon, Stephane and Keller, Yosi and Coifman, Ronald R},
  journal={IEEE Transactions on pattern analysis and machine intelligence},
  volume={28},
  number={11},
  pages={1784--1797},
  year={2006},
  publisher={IEEE}
}

@article{coifman2014diffusion,
  title={Diffusion maps for changing data},
  author={Coifman, Ronald R and Hirn, Matthew J},
  journal={Applied and computational harmonic analysis},
  volume={36},
  number={1},
  pages={79--107},
  year={2014},
  publisher={Elsevier}
}

@article{singer2008non,
  title={Non-linear independent component analysis with diffusion maps},
  author={Singer, Amit and Coifman, Ronald R},
  journal={Applied and Computational Harmonic Analysis},
  volume={25},
  number={2},
  pages={226--239},
  year={2008},
  publisher={Elsevier}
}

@article{coifman2005geometric,
  title={Geometric diffusions as a tool for harmonic analysis and structure definition of data: Diffusion maps},
  author={Coifman, Ronald R and Lafon, Stephane and Lee, Ann B and Maggioni, Mauro and Nadler, Boaz and Warner, Frederick and Zucker, Steven W},
  journal={Proceedings of the national academy of sciences},
  volume={102},
  number={21},
  pages={7426--7431},
  year={2005},
  publisher={National Acad Sciences}
}

@phdthesis{Lafon2004diffusion,
  author       = {Lafon, St{\'e}phane S}, 
  title        = {Diffusion maps and geometric harmonics},
  school       = {Yale University},
  year         = 2004,
}

@inproceedings{de2008introduction,
  title={An introduction to diffusion maps},
  author={De la Porte, J and Herbst, BM and Hereman, W and Van Der Walt, SJ},
  booktitle={Proceedings of the 19th Symposium of the Pattern Recognition Association of South Africa (PRASA 2008), Cape Town, South Africa},
  pages={15--25},
  year={2008}
}

@inproceedings{nadler2006diffusion2,
  title={Diffusion maps, spectral clustering and eigenfunctions of {Fokker}-{Planck} operators},
  author={Nadler, Boaz and Lafon, Stephane and Kevrekidis, Ioannis and Coifman, Ronald R},
  booktitle={Advances in neural information processing systems},
  pages={955--962},
  year={2006}
}

@article{belkin2001laplacian,
  title={Laplacian eigenmaps and spectral techniques for embedding and clustering},
  author={Belkin, Mikhail and Niyogi, Partha},
  journal={Advances in neural information processing systems},
  volume={14},
  pages={585--591},
  year={2001}
}

@inproceedings{weiss1999segmentation,
  title={Segmentation using eigenvectors: a unifying view},
  author={Weiss, Yair},
  booktitle={Proceedings of the seventh IEEE international conference on computer vision},
  volume={2},
  pages={975--982},
  year={1999},
  organization={IEEE}
}

@article{shi2000normalized,
  title={Normalized cuts and image segmentation},
  author={Shi, Jianbo and Malik, Jitendra},
  journal={IEEE Transactions on pattern analysis and machine intelligence},
  volume={22},
  number={8},
  pages={888--905},
  year={2000},
  publisher={IEEE}
}

@inproceedings{shi1997normalized,
  title={Normalized cuts and image segmentation},
  author={Shi, Jianbo and Malik, Jitendra},
  booktitle={Proceedings of IEEE computer society conference on computer vision and pattern recognition},
  pages={731--737},
  year={1997},
  organization={IEEE}
}

@inproceedings{perona1998factorization,
  title={A factorization approach to grouping},
  author={Perona, Pietro and Freeman, William},
  booktitle={European Conference on Computer Vision},
  pages={655--670},
  year={1998},
  organization={Springer}
}

@inproceedings{scott1990feature,
  title={Feature grouping by ``relocalisation" of eigenvectors of the proximity matrix.},
  author={Scott, Guy L and Longuet-Higgins, Hugh Christopher},
  booktitle={BMVC},
  pages={1--6},
  year={1990}
}

@inproceedings{costeira1995multi,
  title={A multi-body factorization method for motion analysis},
  author={Costeira, Joao and Kanade, Takeo},
  booktitle={Proceedings of IEEE International Conference on Computer Vision},
  pages={1071--1076},
  year={1995},
  organization={IEEE}
}

@book{boyd2004convex,
  title={Convex optimization},
  author={Boyd, Stephen and Boyd, Stephen P and Vandenberghe, Lieven},
  year={2004},
  publisher={Cambridge university press}
}

@article{marsden2013eigenvalues,
  title={Eigenvalues of the {Laplacian} and their relationship to the connectedness of a graph},
  author={Marsden, Anne},
  journal={University of Chicago, REU},
  year={2013}
}

@inproceedings{polito2002grouping,
  title={Grouping and dimensionality reduction by locally linear embedding},
  author={Polito, Marzia and Perona, Pietro},
  booktitle={Advances in neural information processing systems},
  pages={1255--1262},
  year={2002}
}

@article{ahmadizadeh2017eigenvalues,
  title={On eigenvalues of {Laplacian} matrix for a class of directed signed graphs},
  author={Ahmadizadeh, Saeed and Shames, Iman and Martin, Samuel and Ne{\v{s}}i{\'c}, Dragan},
  journal={Linear Algebra and its Applications},
  volume={523},
  pages={281--306},
  year={2017},
  publisher={Elsevier}
}

@book{chung1997spectral,
  title={Spectral graph theory},
  author={Chung, Fan RK},
  number={92},
  year={1997},
  publisher={American Mathematical Soc.}
}

@article{saul2003think,
  title={Think globally, fit locally: unsupervised learning of low dimensional manifolds},
  author={Saul, Lawrence K and Roweis, Sam T},
  journal={Journal of machine learning research},
  volume={4},
  number={Jun},
  pages={119--155},
  year={2003}
}

@book{friedman2001elements,
  title={The elements of statistical learning},
  author={Friedman, Jerome and Hastie, Trevor and Tibshirani, Robert},
  volume={2},
  year={2009},
  publisher={Springer series in statistics New York, NY, USA:}
}

@article{ghojogh2019unsupervised,
  title={Unsupervised and supervised principal component analysis: Tutorial},
  author={Ghojogh, Benyamin and Crowley, Mark},
  journal={arXiv preprint arXiv:1906.03148},
  year={2019}
}

@inproceedings{yan2005graph,
  title={Graph embedding: A general framework for dimensionality reduction},
  author={Yan, Shuicheng and Xu, Dong and Zhang, Benyu and Zhang, Hong-Jiang},
  booktitle={2005 IEEE Computer Society Conference on Computer Vision and Pattern Recognition (CVPR'05)},
  volume={2},
  pages={830--837},
  year={2005},
  organization={IEEE}
}

@article{yan2006graph,
  title={Graph embedding and extensions: A general framework for dimensionality reduction},
  author={Yan, Shuicheng and Xu, Dong and Zhang, Benyu and Zhang, Hong-Jiang and Yang, Qiang and Lin, Stephen},
  journal={IEEE transactions on pattern analysis and machine intelligence},
  volume={29},
  number={1},
  pages={40--51},
  year={2006},
  publisher={IEEE}
}

@techreport{chang2014graph,
  title={Graph Embedding and Extensions: A General Framework for Dimensionality Reduction},
  author={Chang, Yale},
  year={2014},
  institution={Department of ECE, Northeastern University}
}

@article{yang2019graph,
  title={Graph Embedding-Based Dimension Reduction With Extreme Learning Machine},
  author={Yang, Le and Song, Shiji and Li, Shuang and Chen, Yiming and Huang, Gao},
  journal={IEEE Transactions on Systems, Man, and Cybernetics: Systems},
  year={2019},
  publisher={IEEE}
}

@article{wan2017local,
  title={Local graph embedding based on maximum margin criterion via fuzzy set},
  author={Wan, Minghua and Lai, Zhihui and Yang, Guowei and Yang, Zhangjing and Zhang, Fanlong and Zheng, Hao},
  journal={Fuzzy Sets and Systems},
  volume={318},
  pages={120--131},
  year={2017},
  publisher={Elsevier}
}

@book{strang2014differential,
  title={Differential equations and linear algebra},
  author={Strang, Gilbert},
  year={2014},
  publisher={Wellesley-Cambridge Press Wellesley}
}

@techreport{kelner2007an,
  title={An Algorithm's Toolkit: Properties of the {Laplacian}, Positive Semidefinite Matrices, Spectra of Common Graphs, and Connection to the Continuous {Laplacian}},
  author={Kelner, Jonathan},
  year={2007},
  institution={Department of Mathematics and CSAIL, MIT University}
}

@article{li2019survey,
  title={A survey on {Laplacian} eigenmaps based manifold learning methods},
  author={Li, Bo and Li, Yan-Rui and Zhang, Xiao-Long},
  journal={Neurocomputing},
  volume={335},
  pages={336--351},
  year={2019},
  publisher={Elsevier}
}

@inproceedings{wiskott2019laplacian,
  title={Laplacian matrix for dimensionality reduction and clustering},
  author={Wiskott, Laurenz and Sch{\"o}nfeld, Fabian},
  booktitle={European Big Data Management and Analytics Summer School},
  pages={93--119},
  year={2019},
  organization={Springer}
}

@article{chen2010parallel,
  title={Parallel spectral clustering in distributed systems},
  author={Chen, Wen-Yen and Song, Yangqiu and Bai, Hongjie and Lin, Chih-Jen and Chang, Edward Y},
  journal={IEEE transactions on pattern analysis and machine intelligence},
  volume={33},
  number={3},
  pages={568--586},
  year={2010},
  publisher={IEEE}
}

@article{goyal2018graph,
  title={Graph embedding techniques, applications, and performance: A survey},
  author={Goyal, Palash and Ferrara, Emilio},
  journal={Knowledge-Based Systems},
  volume={151},
  pages={78--94},
  year={2018},
  publisher={Elsevier}
}

@article{hedegaard2020supervised,
  title={Supervised domain adaptation using graph embedding},
  author={Hedegaard, Lukas and Sheikh-Omar, Omar Ali and Iosifidis, Alexandros},
  journal={arXiv preprint arXiv:2003.04063},
  year={2020}
}

@article{hedegaard2020supervised2,
  title={Supervised Domain Adaptation: A Graph Embedding Perspective and a Rectified Experimental Protocol},
  author={Hedegaard, Lukas and Sheikh-Omar, Omar Ali and Iosifidis, Alexandros},
  journal={arXiv e-prints},
  pages={arXiv--2004},
  year={2020}
}

@article{goyal2018gem,
  title={{GEM}: a Python package for graph embedding methods},
  author={Goyal, Palash and Ferrara, Emilio},
  journal={Journal of Open Source Software},
  volume={3},
  number={29},
  pages={876},
  year={2018}
}

@article{goyal2020dyngraph2vec,
  title={dyngraph2vec: Capturing network dynamics using dynamic graph representation learning},
  author={Goyal, Palash and Chhetri, Sujit Rokka and Canedo, Arquimedes},
  journal={Knowledge-Based Systems},
  volume={187},
  pages={104816},
  year={2020},
  publisher={Elsevier}
}

@article{goyal2018dyngem,
  title={{DynGEM}: Deep embedding method for dynamic graphs},
  author={Goyal, Palash and Kamra, Nitin and He, Xinran and Liu, Yan},
  journal={arXiv preprint arXiv:1805.11273},
  year={2018}
}

@book{alperin1993local,
  title={Local representation theory: Modular representations as an introduction to the local representation theory of finite groups},
  author={Alperin, Jonathan L},
  volume={11},
  year={1993},
  publisher={Cambridge University Press}
}

@article{hofmann2008kernel,
  title={Kernel methods in machine learning},
  author={Hofmann, Thomas and Sch{\"o}lkopf, Bernhard and Smola, Alexander J},
  journal={The annals of statistics},
  pages={1171--1220},
  year={2008},
  publisher={JSTOR}
}

@inproceedings{ghojogh2020generalized,
  title={Generalized Subspace Learning by {Roweis} Discriminant Analysis},
  author={Ghojogh, Benyamin and Karray, Fakhri and Crowley, Mark},
  booktitle={International Conference on Image Analysis and Recognition},
  pages={328--342},
  year={2020},
  organization={Springer}
}

@article{ghojogh2019fisher,
  title={Fisher and kernel {Fisher} discriminant analysis: Tutorial},
  author={Ghojogh, Benyamin and Karray, Fakhri and Crowley, Mark},
  journal={arXiv preprint arXiv:1906.09436},
  year={2019}
}

@inproceedings{ye2007least,
  title={Least squares linear discriminant analysis},
  author={Ye, Jieping},
  booktitle={Proceedings of the 24th international conference on machine learning},
  pages={1087--1093},
  year={2007},
  organization={ACM}
}

@article{fisher1936use,
  title={The use of multiple measurements in taxonomic problems},
  author={Fisher, Ronald A},
  journal={Annals of eugenics},
  volume={7},
  number={2},
  pages={179--188},
  year={1936},
  publisher={Wiley Online Library}
}

@inproceedings{mika1999fisher,
  title={Fisher discriminant analysis with kernels},
  author={Mika, Sebastian and R{\"a}tsch, Gunnar and Weston, Jason and Sch{\"o}lkopf, Bernhard and M{\"u}ller, Klaus-Robert},
  booktitle={Proceedings of the 1999 IEEE signal processing society workshop on Neural networks for signal processing IX},
  pages={41--48},
  year={1999},
  organization={IEEE}
}

@article{ghojogh2020multidimensional,
  title={Multidimensional scaling, {Sammon} mapping, and {Isomap}: Tutorial and survey},
  author={Ghojogh, Benyamin and Ghodsi, Ali and Karray, Fakhri and Crowley, Mark},
  journal={arXiv preprint arXiv:2009.08136},
  year={2020}
}

@article{tenenbaum2000global,
  title={A global geometric framework for nonlinear dimensionality reduction},
  author={Tenenbaum, Joshua B and De Silva, Vin and Langford, John C},
  journal={Science},
  volume={290},
  number={5500},
  pages={2319--2323},
  year={2000},
  publisher={American Association for the Advancement of Science}
}

@article{ghojogh2020locally,
  title={Locally Linear Embedding and its Variants: Tutorial and Survey},
  author={Ghojogh, Benyamin and Ghodsi, Ali and Karray, Fakhri and Crowley, Mark},
  journal={arXiv preprint arXiv:2011.10925},
  year={2020}
}

@article{roweis2000nonlinear,
  title={Nonlinear dimensionality reduction by locally linear embedding},
  author={Roweis, Sam T and Saul, Lawrence K},
  journal={Science},
  volume={290},
  number={5500},
  pages={2323--2326},
  year={2000},
  publisher={American Association for the Advancement of Science}
}

@article{ghojogh2019hidden,
  title={Hidden {Markov} Model: Tutorial},
  author={Ghojogh, Benyamin and Karray, Fakhri and Crowley, Mark},
  year={2019},
  journal={engrXiv}
}

@book{ross2014introduction,
  title={Introduction to probability models},
  author={Ross, Sheldon M},
  year={2014},
  publisher={Academic press}
}

@article{merris1994laplacian,
  title={Laplacian matrices of graphs: a survey},
  author={Merris, Russell},
  journal={Linear algebra and its applications},
  volume={197},
  pages={143--176},
  year={1994},
  publisher={Elsevier}
}

@article{anderson1985eigenvalues,
  title={Eigenvalues of the {Laplacian} of a graph},
  author={Anderson Jr, William N and Morley, Thomas D},
  journal={Linear and multilinear algebra},
  volume={18},
  number={2},
  pages={141--145},
  year={1985},
  publisher={Taylor \& Francis}
}

@inproceedings{belkin2005towards,
  title={Towards a theoretical foundation for {Laplacian}-based manifold methods},
  author={Belkin, Mikhail and Niyogi, Partha},
  booktitle={International Conference on Computational Learning Theory},
  pages={486--500},
  year={2005},
  organization={Springer}
}

@article{bengio2004learning,
  title={Learning eigenfunctions links spectral embedding and kernel {PCA}},
  author={Bengio, Yoshua and Delalleau, Olivier and Roux, Nicolas Le and Paiement, Jean-Fran{\c{c}}ois and Vincent, Pascal and Ouimet, Marie},
  journal={Neural computation},
  volume={16},
  number={10},
  pages={2197--2219},
  year={2004},
  publisher={MIT Press}
}

@inproceedings{bengio2004out,
  title={Out-of-sample extensions for {LLE}, {Isomap}, {MDS}, eigenmaps, and spectral clustering},
  author={Bengio, Yoshua and Paiement, Jean-fran{\c{c}}cois and Vincent, Pascal and Delalleau, Olivier and Roux, Nicolas L and Ouimet, Marie},
  booktitle={Advances in neural information processing systems},
  pages={177--184},
  year={2004}
}

@incollection{bengio2006spectral,
  title={Spectral dimensionality reduction},
  author={Bengio, Yoshua and Delalleau, Olivier and Le Roux, Nicolas and Paiement, Jean-Fran{\c{c}}ois and Vincent, Pascal and Ouimet, Marie},
  booktitle={Feature Extraction},
  pages={519--550},
  year={2006},
  publisher={Springer}
}

@book{bengio2003spectral,
  title={Spectral clustering and kernel {PCA} are learning eigenfunctions},
  author={Bengio, Yoshua and Vincent, Pascal and Paiement, Jean-Fran{\c{c}}ois and Delalleau, Olivier and Ouimet, Marie and Le Roux, Nicolas},
  volume={1239},
  year={2003},
  publisher={Citeseer}
}

@techreport{bengio2003learning,
  title={Learning eigenfunctions of similarity: linking spectral clustering and kernel {PCA}},
  author={Bengio, Yoshua and Vincent, Pascal and Paiement, Jean-Fran{\c{c}}ois and Delalleau, O and Ouimet, M and LeRoux, N},
  year={2003},
  institution={Departement d’Informatique et Recherche Operationnelle}
}

@inproceedings{ah2010normalized,
  title={Normalized kernels as similarity indices},
  author={Ah-Pine, Julien},
  booktitle={Pacific-Asia Conference on Knowledge Discovery and Data Mining},
  pages={362--373},
  year={2010},
  organization={Springer}
}

@inproceedings{gisbrecht2012out,
  title={Out-of-sample kernel extensions for nonparametric dimensionality reduction},
  author={Gisbrecht, Andrej and Lueks, Wouter and Mokbel, Bassam and Hammer, Barbara},
  booktitle={European Symposium on Artificial Neural Networks, Computational Intelligence and Machine Learning},
  volume={2012},
  pages={531--536},
  year={2012}
}

@article{gisbrecht2015parametric,
  title={Parametric nonlinear dimensionality reduction using kernel t-SNE},
  author={Gisbrecht, Andrej and Schulz, Alexander and Hammer, Barbara},
  journal={Neurocomputing},
  volume={147},
  pages={71--82},
  year={2015},
  publisher={Elsevier}
}

@article{turk1991eigenfaces,
  title={Eigenfaces for recognition},
  author={Turk, Matthew and Pentland, Alex},
  journal={Journal of cognitive neuroscience},
  volume={3},
  number={1},
  pages={71--86},
  year={1991},
  publisher={MIT Press}
}

@article{belhumeur1997eigenfaces,
  title={Eigenfaces vs. {Fisherfaces}: Recognition using class specific linear projection},
  author={Belhumeur, Peter N. and Hespanha, Joao P and Kriegman, David J.},
  journal={IEEE Transactions on pattern analysis and machine intelligence},
  volume={19},
  number={7},
  pages={711--720},
  year={1997},
  publisher={IEEE}
}

@phdthesis{ghojogh2021data,
  title={Data Reduction Algorithms in Machine Learning and Data Science},
  author={Ghojogh, Benyamin},
  school={University of Waterloo},
  year=2021,
}

@article{burago2015graph,
  title={A graph discretization of the {Laplace}--{Beltrami} operator},
  author={Burago, Dmitri and Ivanov, Sergei and Kurylev, Yaroslav},
  journal={Journal of Spectral Theory},
  volume={4},
  number={4},
  pages={675--714},
  year={2015}
}

@inproceedings{hein2005graphs,
  title={From graphs to manifolds--weak and strong pointwise consistency of graph {Laplacians}},
  author={Hein, Matthias and Audibert, Jean-Yves and Von Luxburg, Ulrike},
  booktitle={International Conference on Computational Learning Theory},
  pages={470--485},
  year={2005},
  organization={Springer}
}

@article{hein2007graph,
  title={Graph {Laplacians} and their convergence on random neighborhood graphs},
  author={Hein, Matthias and Audibert, Jean-Yves and Luxburg, Ulrike von},
  journal={Journal of Machine Learning Research},
  volume={8},
  number={6},
  year={2007}
}

@article{trillos2020error,
  title={Error estimates for spectral convergence of the graph {Laplacian} on random geometric graphs toward the {Laplace}--{Beltrami} operator},
  author={Trillos, Nicol{\'a}s Garc{\'\i}a and Gerlach, Moritz and Hein, Matthias and Slep{\v{c}}ev, Dejan},
  journal={Foundations of Computational Mathematics},
  volume={20},
  number={4},
  pages={827--887},
  year={2020},
  publisher={Springer}
}

@article{dunson2021spectral,
  title={Spectral convergence of graph {Laplacian} and Heat kernel reconstruction in ${L}^{\infty}$ from random samples},
  author={Dunson, David B and Wu, Hau-Tieng and Wu, Nan},
  journal={Applied and Computational Harmonic Analysis},
  year={2021},
  publisher={Elsevier}
}

@article{nadler2005diffusion,
  title={Diffusion maps, spectral clustering and eigenfunctions of {Fokker}-{Planck} operators},
  author={Nadler, Boaz and Lafon, Stephane and Coifman, Ronald R and Kevrekidis, Ioannis G},
  journal={Advances in neural information processing systems},
  volume={18},
  year={2005}
}


@book{shawe2004kernel,
  title={Kernel methods for pattern analysis},
  author={Shawe-Taylor, John and Cristianini, Nello},
  year={2004},
  publisher={Cambridge university press}
}

@book{kung2014kernel,
  title={Kernel methods and machine learning},
  author={Kung, Sun Yuan},
  year={2014},
  publisher={Cambridge University Press}
}

@book{scholkopf2002learning,
  title={Learning with kernels: support vector machines, regularization, optimization, and beyond},
  author={Sch{\"o}lkopf, Bernhard and Smola, Alexander J},
  year={2002},
  publisher={MIT press}
}

@book{rojo2018digital,
  title={Digital signal processing with Kernel methods},
  author={Rojo-{\'A}lvarez, Jos{\'e} Luis and Mart{\'\i}nez-Ram{\'o}n, Manel and Mar{\'\i}, Jordi Mu{\~n}oz and Camps-Valls, Gustavo},
  year={2018},
  publisher={Wiley Online Library}
}

@book{camps2006kernel,
  title={Kernel methods in bioengineering, signal and image processing},
  author={Camps-Valls, Gustavo},
  year={2006},
  publisher={Igi Global}
}

@article{karimi2017summary,
  title={A Summary Of The Kernel Matrix, And How To Learn It Effectively Using Semidefinite Programming},
  author={Karimi, Amir-Hossein},
  journal={arXiv preprint arXiv:1709.06557},
  year={2017}
}

@techreport{rennie2005how,
  title={How to Normalize a Kernel Matrix},
  author={Rennie, Jason},
  year={2005},
  institution={MIT Computer Science \& Artificial Intelligence Lab}
}

@inproceedings{ah2010normalized,
  title={Normalized kernels as similarity indices},
  author={Ah-Pine, Julien},
  booktitle={Pacific-Asia Conference on Knowledge Discovery and Data Mining},
  pages={362--373},
  year={2010},
  organization={Springer}
}

@book{bhatia2009positive,
  title={Positive definite matrices},
  author={Bhatia, Rajendra},
  year={2009},
  publisher={Princeton University Press}
}

@article{barshan2011supervised,
  title={Supervised principal component analysis: Visualization, classification and regression on subspaces and submanifolds},
  author={Barshan, Elnaz and Ghodsi, Ali and Azimifar, Zohreh and Jahromi, Mansoor Zolghadri},
  journal={Pattern Recognition},
  volume={44},
  number={7},
  pages={1357--1371},
  year={2011},
  publisher={Elsevier}
}

@book{gonzalez2002digital,
  title={Digital image processing},
  author={Gonzalez, Rafael C and Woods, Richard E},
  year={2002},
  publisher={Prentice hall Upper Saddle River, NJ}
}

@book{schlichtharle2011digital,
  title={Digital Filters: Basics and Design},
  author={Schlichtharle, Dietrich},
  edition={2},
  year={2011},
  publisher={Springer}
}

@book{scott1992multivariate,
  title={Multivariate density estimation: theory, practice, and visualization},
  author={Scott, David W},
  year={1992},
  publisher={John Wiley \& Sons}
}

@book{wand1994kernel,
  title={Kernel smoothing},
  author={Wand, Matt P and Jones, M Chris},
  year={1994},
  publisher={CRC press}
}

@article{aizerman1964theoretical,
  title={Theoretical foundations of the potential function method in pattern recognition learning},
  author={Aizerman, Mark A and Braverman, E. M. and Rozonoer, L. I.},
  journal={Automation and remote control},
  volume={25},
  pages={821--837},
  year={1964}
}

@article{vandenberghe1996semidefinite,
  title={Semidefinite programming},
  author={Vandenberghe, Lieven and Boyd, Stephen},
  journal={SIAM review},
  volume={38},
  number={1},
  pages={49--95},
  year={1996},
  publisher={SIAM}
}

@article{mercer1909functions,
  title={Functions of positive and negative type and their connection with the theory of integral equations},
  author={Mercer, J},
  journal={Philosophical Transactions of the Royal Society},
  pages={415--446},
  volume={A},
  number={209},
  year={1909}
}

@article{steinwart2001influence,
  title={On the influence of the kernel on the consistency of support vector machines},
  author={Steinwart, Ingo},
  journal={Journal of machine learning research},
  volume={2},
  number={Nov},
  pages={67--93},
  year={2001}
}

@article{de1959stone,
  title={The {Stone}-{Weierstrass} theorem},
  author={De Branges, Louis},
  journal={Proceedings of the American Mathematical Society},
  volume={10},
  number={5},
  pages={822--824},
  year={1959},
  publisher={JSTOR}
}

@inproceedings{ghojogh2019image,
  title={Image structure subspace learning using structural similarity index},
  author={Ghojogh, Benyamin and Karray, Fakhri and Crowley, Mark},
  booktitle={International Conference on Image Analysis and Recognition},
  pages={33--44},
  year={2019},
  organization={Springer}
}

@article{scholkopf2001kernel,
  title={The kernel trick for distances},
  author={Sch{\"o}lkopf, Bernhard},
  journal={Advances in neural information processing systems},
  pages={301--307},
  year={2001},
  publisher={MIT; 1998}
}

@article{gretton2006kernel,
  title={A kernel method for the two-sample-problem},
  author={Gretton, Arthur and Borgwardt, Karsten and Rasch, Malte and Sch{\"o}lkopf, Bernhard and Smola, Alex},
  journal={Advances in neural information processing systems},
  volume={19},
  pages={513--520},
  year={2006}
}

@article{gretton2012kernel,
  title={A kernel two-sample test},
  author={Gretton, Arthur and Borgwardt, Karsten M and Rasch, Malte J and Sch{\"o}lkopf, Bernhard and Smola, Alexander},
  journal={The Journal of Machine Learning Research},
  volume={13},
  number={1},
  pages={723--773},
  year={2012},
  publisher={JMLR. org}
}

@inproceedings{gretton2005measuring,
  title={Measuring statistical dependence with {Hilbert}-{Schmidt} norms},
  author={Gretton, Arthur and Bousquet, Olivier and Smola, Alex and Sch{\"o}lkopf, Bernhard},
  booktitle={International conference on algorithmic learning theory},
  pages={63--77},
  year={2005},
  organization={Springer}
}

@article{kullback1951information,
  title={On information and sufficiency},
  author={Kullback, Solomon and Leibler, Richard A},
  journal={The annals of mathematical statistics},
  volume={22},
  number={1},
  pages={79--86},
  year={1951},
  publisher={JSTOR}
}

@article{lanckriet2004learning,
  title={Learning the kernel matrix with semidefinite programming},
  author={Lanckriet, Gert RG and Cristianini, Nello and Bartlett, Peter and Ghaoui, Laurent El and Jordan, Michael I},
  journal={Journal of Machine learning research},
  volume={5},
  number={Jan},
  pages={27--72},
  year={2004}
}

@techreport{orr1996introduction,
  title={Introduction to radial basis function networks},
  author={Orr, Mark J. L.},
  year={1996},
  institution={Center for Cognitive Science, University of Edinburgh}
}

@article{weinberger2006unsupervised,
  title={Unsupervised learning of image manifolds by semidefinite programming},
  author={Weinberger, Kilian Q and Saul, Lawrence K},
  journal={International journal of computer vision},
  volume={70},
  number={1},
  pages={77--90},
  year={2006},
  publisher={Springer}
}

@inproceedings{weinberger2006introduction,
  title={An introduction to nonlinear dimensionality reduction by maximum variance unfolding},
  author={Weinberger, Kilian Q and Saul, Lawrence K},
  booktitle={Proceedings of the AAAI Conference on Artificial Intelligence},
  volume={6},
  pages={1683--1686},
  year={2006}
}

@article{fukumizu2004dimensionality,
  title={Dimensionality reduction for supervised learning with reproducing kernel {Hilbert} spaces},
  author={Fukumizu, Kenji and Bach, Francis R and Jordan, Michael I},
  journal={Journal of Machine Learning Research},
  volume={5},
  number={Jan},
  pages={73--99},
  year={2004}
}

@book{alperin1993local,
  title={Local representation theory: Modular representations as an introduction to the local representation theory of finite groups},
  author={Alperin, Jonathan L},
  year={1993},
  publisher={Cambridge University Press}
}

@book{hastie2009elements,
  title={The elements of statistical learning: data mining, inference, and prediction},
  author={Hastie, Trevor and Tibshirani, Robert and Friedman, Jerome},
  year={2009},
  publisher={Springer Science \& Business Media}
}

@book{vapnik1974theory,
  title={Theory of pattern recognition},
  author={Vapnik, Vladimir and Chervonenkis, Alexey},
  year={1974},
  publisher={Nauka, Moscow}
}

@article{scholkopf1997comparing,
  title={Comparing support vector machines with {Gaussian} kernels to radial basis function classifiers},
  author={Sch{\"o}lkopf, Bernhard and Sung, Kah-Kay and Burges, Christopher JC and Girosi, Federico and Niyogi, Partha and Poggio, Tomaso and Vapnik, Vladimir},
  journal={IEEE transactions on Signal Processing},
  volume={45},
  number={11},
  pages={2758--2765},
  year={1997},
  publisher={IEEE}
}

@inproceedings{boser1992training,
  title={A training algorithm for optimal margin classifiers},
  author={Boser, Bernhard E and Guyon, Isabelle M and Vapnik, Vladimir N},
  booktitle={Proceedings of the fifth annual workshop on Computational learning theory},
  pages={144--152},
  year={1992}
}

@book{vapnik1995nature,
  title={The nature of statistical learning theory},
  author={Vapnik, Vladimir},
  year={1995},
  publisher={Springer science \& business media}
}

@book{goodfellow2016deep,
  title={Deep learning},
  author={Goodfellow, Ian and Bengio, Yoshua and Courville, Aaron and Bengio, Yoshua},
  volume={1},
  number={2},
  year={2016},
  publisher={MIT press Cambridge}
}

@book{berlinet2011reproducing,
  title={Reproducing kernel {Hilbert} spaces in probability and statistics},
  author={Berlinet, Alain and Thomas-Agnan, Christine},
  year={2011},
  publisher={Springer Science \& Business Media}
}

@book{berg1984harmonic,
  title={Harmonic analysis on semigroups: theory of positive definite and related functions},
  author={Berg, Christian and Christensen, Jens Peter Reus and Ressel, Paul},
  volume={100},
  year={1984},
  publisher={Springer}
}

@book{wahba1990spline,
  title={Spline models for observational data},
  author={Wahba, Grace},
  year={1990},
  publisher={SIAM}
}

@article{wang2010unsupervised,
  title={Unsupervised kernel dimension reduction},
  author={Wang, Meihong and Sha, Fei and Jordan, Michael},
  journal={Advances in neural information processing systems},
  volume={23},
  pages={2379--2387},
  year={2010}
}

@inproceedings{kulis2006learning,
  title={Learning low-rank kernel matrices},
  author={Kulis, Brian and Sustik, M{\'a}ty{\'a}s and Dhillon, Inderjit},
  booktitle={Proceedings of the 23rd international conference on Machine learning},
  pages={505--512},
  year={2006}
}

@inproceedings{zhang2008improved,
  title={Improved {N}ystr{\"o}m low-rank approximation and error analysis},
  author={Zhang, Kai and Tsang, Ivor W and Kwok, James T},
  booktitle={Proceedings of the 25th international conference on machine learning},
  pages={1232--1239},
  year={2008}
}

@article{wang2010low,
  title={Low-rank kernel matrix factorization for large-scale evolutionary clustering},
  author={Wang, Lijun and Rege, Manjeet and Dong, Ming and Ding, Yongsheng},
  journal={IEEE Transactions on Knowledge and Data Engineering},
  volume={24},
  number={6},
  pages={1036--1050},
  year={2010},
  publisher={IEEE}
}

@inproceedings{bach2005predictive,
  title={Predictive low-rank decomposition for kernel methods},
  author={Bach, Francis R and Jordan, Michael I},
  booktitle={Proceedings of the 22nd international conference on machine learning},
  pages={33--40},
  year={2005}
}

@article{kulis2009low,
  title={Low-Rank Kernel Learning with {Bregman} Matrix Divergences},
  author={Kulis, Brian and Sustik, M{\'a}ty{\'a}s A and Dhillon, Inderjit S},
  journal={Journal of Machine Learning Research},
  volume={10},
  number={2},
  year={2009}
}

@inproceedings{weinberger2005nonlinear,
  title={Nonlinear dimensionality reduction by semidefinite programming and kernel matrix factorization},
  author={Weinberger, Kilian Q and Packer, Benjamin and Saul, Lawrence K},
  booktitle={AISTATS},
  year={2005}
}

@techreport{abu2004kernelization,
  title={Kernelization Algorithms for the Vertex Cover Problem: Theory and Experiments},
  author={Abu-Khzam, Faisal N and Collins, Rebecca L and Fellows, Micheal R and Langston, Micheal A and Suters, W Henry and Symons, Christopher T},
  year={2004},
  institution={University of Tennessee}
}

@book{fomin2019kernelization,
  title={Kernelization: theory of parameterized preprocessing},
  author={Fomin, Fedor V and Lokshtanov, Daniel and Saurabh, Saket and Zehavi, Meirav},
  year={2019},
  publisher={Cambridge University Press}
}

@inproceedings{ghojogh2020theoretical,
  title={Theoretical Insights into the Use of Structural Similarity Index In Generative Models and Inferential Autoencoders},
  author={Ghojogh, Benyamin and Karray, Fakhri and Crowley, Mark},
  booktitle={International Conference on Image Analysis and Recognition},
  pages={112--117},
  year={2020},
  organization={Springer}
}

@inproceedings{scholkopf1997kernel,
  title={Kernel principal component analysis},
  author={Sch{\"o}lkopf, Bernhard and Smola, Alexander and M{\"u}ller, Klaus-Robert},
  booktitle={International conference on artificial neural networks},
  pages={583--588},
  year={1997},
  organization={Springer}
}

@article{scholkopf1998nonlinear,
  title={Nonlinear component analysis as a kernel eigenvalue problem},
  author={Sch{\"o}lkopf, Bernhard and Smola, Alexander and M{\"u}ller, Klaus-Robert},
  journal={Neural computation},
  volume={10},
  number={5},
  pages={1299--1319},
  year={1998},
  publisher={MIT Press}
}

@book{scholkopf1999advances,
  title={Advances in kernel methods: support vector learning},
  author={Sch{\"o}lkopf, Bernhard and Burges, Christopher JC and Smola, Alexander J},
  year={1999},
  publisher={MIT press}
}

@article{burges1998tutorial,
  title={A tutorial on support vector machines for pattern recognition},
  author={Burges, Christopher JC},
  journal={Data mining and knowledge discovery},
  volume={2},
  number={2},
  pages={121--167},
  year={1998},
  publisher={Springer}
}

@article{ma2003function,
  title={Function replacement vs. kernel trick},
  author={Ma, Junshui},
  journal={Neurocomputing},
  volume={50},
  pages={479--483},
  year={2003},
  publisher={Elsevier}
}

@book{anderson2014operating,
  title={Operating Systems: Principles and Practice},
  author={Anderson, Thomas and Dahlin, Michael},
  year={2014},
  publisher={Recursive Books}
}

@article{bengio2004learning,
  title={Learning eigenfunctions links spectral embedding and kernel {PCA}},
  author={Bengio, Yoshua and Delalleau, Olivier and Roux, Nicolas Le and Paiement, Jean-Fran{\c{c}}ois and Vincent, Pascal and Ouimet, Marie},
  journal={Neural computation},
  volume={16},
  number={10},
  pages={2197--2219},
  year={2004},
  publisher={MIT Press}
}

@incollection{bengio2006spectral,
  title={Spectral dimensionality reduction},
  author={Bengio, Yoshua and Delalleau, Olivier and Le Roux, Nicolas and Paiement, Jean-Fran{\c{c}}ois and Vincent, Pascal and Ouimet, Marie},
  booktitle={Feature Extraction},
  pages={519--550},
  year={2006},
  publisher={Springer}
}

@techreport{bengio2003spectral,
  title={Spectral clustering and kernel {PCA} are learning eigenfunctions},
  author={Bengio, Yoshua and Vincent, Pascal and Paiement, Jean-Fran{\c{c}}ois and Delalleau, Olivier and Ouimet, Marie and Le Roux, Nicolas},
  year={2003},
  institution={Departement d’Informatique et Recherche Operationnelle, Technical Report 1239}
}

@techreport{bengio2003learning,
  title={Learning eigenfunctions of similarity: linking spectral clustering and kernel {PCA}},
  author={Bengio, Yoshua and Vincent, Pascal and Paiement, Jean-Fran{\c{c}}ois and Delalleau, O and Ouimet, M and LeRoux, N},
  year={2003},
  institution={Departement d’Informatique et Recherche Operationnelle}
}

@article{ghojogh2019eigenvalue,
  title={Eigenvalue and generalized eigenvalue problems: Tutorial},
  author={Ghojogh, Benyamin and Karray, Fakhri and Crowley, Mark},
  journal={arXiv preprint arXiv:1903.11240},
  year={2019}
}

@article{akbari2006kernels,
  title={The kernels of the incidence matrices of graphs revisited},
  author={Akbari, Saieed and Ghareghani, Narges and Khosrovshahi, Gholamreza B and Maimani, Hamidreza},
  journal={Linear algebra and its applications},
  volume={414},
  number={2-3},
  pages={617--625},
  year={2006},
  publisher={Elsevier}
}

@article{strang1993fundamental,
  title={The fundamental theorem of linear algebra},
  author={Strang, Gilbert},
  journal={The American Mathematical Monthly},
  volume={100},
  number={9},
  pages={848--855},
  year={1993},
  publisher={Taylor \& Francis}
}

@article{hofmann2008kernel,
  title={Kernel methods in machine learning},
  author={Hofmann, Thomas and Sch{\"o}lkopf, Bernhard and Smola, Alexander J},
  journal={The annals of statistics},
  pages={1171--1220},
  year={2008},
  publisher={JSTOR}
}

@article{hofmann2006review,
  title={A review of kernel methods in machine learning},
  author={Hofmann, Thomas and Sch{\"o}lkopf, Bernhard and Smola, Alexander J},
  journal={Max-Planck-Institute Technical Report},
  volume={156},
  year={2006},
  publisher={Citeseer}
}

@inproceedings{icking1995searching,
  title={Searching for the kernel of a polygon—a competitive strategy},
  author={Icking, Christian and Klein, Rolf},
  booktitle={Proceedings of the eleventh annual symposium on Computational geometry},
  pages={258--266},
  year={1995}
}

@book{bergman2011universal,
  title={Universal algebra: Fundamentals and selected topics},
  author={Bergman, Clifford},
  year={2011},
  publisher={CRC Press}
}

@article{ghojogh2019unsupervised,
  title={Unsupervised and supervised principal component analysis: Tutorial},
  author={Ghojogh, Benyamin and Crowley, Mark},
  journal={arXiv preprint arXiv:1906.03148},
  year={2019}
}

@article{ghojogh2019fisher,
  title={Fisher and kernel {Fisher} discriminant analysis: Tutorial},
  author={Ghojogh, Benyamin and Karray, Fakhri and Crowley, Mark},
  journal={arXiv preprint arXiv:1906.09436},
  year={2019}
}

@inproceedings{mika1999fisher,
  title={Fisher discriminant analysis with kernels},
  author={Mika, Sebastian and Ratsch, Gunnar and Weston, Jason and Scholkopf, Bernhard and Mullers, Klaus-Robert},
  booktitle={Neural networks for signal processing IX: Proceedings of the 1999 IEEE signal processing society workshop},
  pages={41--48},
  year={1999},
  organization={Ieee}
}

@inproceedings{ghojogh2020generalized,
  title={Generalized Subspace Learning by {Roweis} Discriminant Analysis},
  author={Ghojogh, Benyamin and Karray, Fakhri and Crowley, Mark},
  booktitle={International Conference on Image Analysis and Recognition},
  pages={328--342},
  year={2020},
  organization={Springer}
}

@inproceedings{williams2001using,
  title={Using the {N}ystr{\"o}m method to speed up kernel machines},
  author={Williams, Christopher and Seeger, Matthias},
  booktitle={Proceedings of the 14th annual conference on neural information processing systems},
  number={CONF},
  pages={682--688},
  year={2001}
}

@inproceedings{minh2006mercer,
  title={Mercer’s theorem, feature maps, and smoothing},
  author={Minh, Ha Quang and Niyogi, Partha and Yao, Yuan},
  booktitle={International Conference on Computational Learning Theory},
  pages={154--168},
  year={2006},
  organization={Springer}
}

@book{reed1972methods,
  title={Methods of modern mathematical physics: Functional analysis},
  author={Reed, Michael and Simon, Barry},
  year={1972},
  publisher={Academic Press}
}

@article{scholkopf1999input,
  title={Input space versus feature space in kernel-based methods},
  author={Sch{\"o}lkopf, Bernhard and Mika, Sebastian and Burges, Chris JC and Knirsch, Philipp and Muller, K-R and Ratsch, Gunnar and Smola, Alexander J},
  journal={IEEE transactions on neural networks},
  volume={10},
  number={5},
  pages={1000--1017},
  year={1999},
  publisher={IEEE}
}

@article{kimeldorf1971some,
  title={Some results on {Tchebycheffian} spline functions},
  author={Kimeldorf, George and Wahba, Grace},
  journal={Journal of mathematical analysis and applications},
  volume={33},
  number={1},
  pages={82--95},
  year={1971},
  publisher={Elsevier}
}

@techreport{rudin2012prediction,
  title={Prediction: Machine Learning and Statistics ({MIT} 15.097), Lecture on Kernels},
  author={Rudin, Cynthia},
  year={2012},
  institution={Massachusetts Institute of Technology}
}

@inproceedings{smola2007hilbert,
  title={A {Hilbert} space embedding for distributions},
  author={Smola, Alex and Gretton, Arthur and Song, Le and Sch{\"o}lkopf, Bernhard},
  booktitle={International Conference on Algorithmic Learning Theory},
  pages={13--31},
  year={2007},
  organization={Springer}
}

@article{gretton2010consistent,
  title={Consistent nonparametric tests of independence},
  author={Gretton, Arthur and Gy{\"o}rfi, L{\'a}szl{\'o}},
  journal={The Journal of Machine Learning Research},
  volume={11},
  pages={1391--1423},
  year={2010},
  publisher={JMLR. org}
}

@article{sejdinovic2013equivalence,
  title={Equivalence of distance-based and {RKHS}-based statistics in hypothesis testing},
  author={Sejdinovic, Dino and Sriperumbudur, Bharath and Gretton, Arthur and Fukumizu, Kenji},
  journal={The Annals of Statistics},
  pages={2263--2291},
  year={2013},
  publisher={JSTOR}
}

@book{renardy2006introduction,
  title={An introduction to partial differential equations},
  author={Renardy, Michael and Rogers, Robert C},
  volume={13},
  year={2006},
  publisher={Springer Science \& Business Media}
}

@book{arzela1895sulle,
  title={Sulle Funzioni Di Linee},
  author={Arzel{\`a}, Cesare},
  year={1895},
  publisher={Tipografia Gamberini e Parmeggiani}
}

@article{hawkins1975cauchy,
  title={Cauchy and the spectral theory of matrices},
  author={Hawkins, Thomas},
  journal={Historia mathematica},
  volume={2},
  number={1},
  pages={1--29},
  year={1975},
  publisher={Elsevier}
}

@book{saxe2002beginning,
  title={Beginning functional analysis},
  author={Saxe, Karen},
  year={2002},
  publisher={Springer}
}

@article{parseval1806memoires,
  title={M{\'e}moires pr{\'e}sent{\'e}s {\`a} l’Institut des Sciences, Lettres et Arts, par divers savans, et lus dans ses assembl{\'e}es},
  author={Parseval des Chenes, MA},
  journal={Sciences, math{\'e}matiques et physiques (Savans {\'e}trangers)},
  volume={1},
  pages={638},
  year={1806}
}

@book{beauzamy1982introduction,
  title={Introduction to {Banach} spaces and their geometry},
  author={Beauzamy, Bernard},
  year={1982},
  publisher={North-Holland}
}

@article{novak2018reproducing,
  title={Reproducing kernels of {Sobolev} spaces on $\mathbb{R}^d$ and applications to embedding constants and tractability},
  author={Novak, Erich and Ullrich, Mario and Wo{\'z}niakowski, Henryk and Zhang, Shun},
  journal={Analysis and Applications},
  volume={16},
  number={05},
  pages={693--715},
  year={2018},
  publisher={World Scientific}
}

@article{saul2006spectral,
  title={Spectral methods for dimensionality reduction},
  author={Saul, Lawrence K and Weinberger, Kilian Q and Sha, Fei and Ham, Jihun and Lee, Daniel D},
  journal={Semi-supervised learning},
  volume={3},
  year={2006}
}

@article{ghojogh2020locally,
  title={Locally Linear Embedding and its Variants: Tutorial and Survey},
  author={Ghojogh, Benyamin and Ghodsi, Ali and Karray, Fakhri and Crowley, Mark},
  journal={arXiv preprint arXiv:2011.10925},
  year={2020}
}

@article{ghojogh2020multidimensional,
  title={Multidimensional scaling, {Sammon} mapping, and {Isomap}: Tutorial and survey},
  author={Ghojogh, Benyamin and Ghodsi, Ali and Karray, Fakhri and Crowley, Mark},
  journal={arXiv preprint arXiv:2009.08136},
  year={2020}
}

@article{bengio2003out,
  title={Out-of-sample extensions for {LLE}, {Isomap}, {MDS}, eigenmaps, and spectral clustering},
  author={Bengio, Yoshua and Paiement, Jean-fran{\c{c}}cois and Vincent, Pascal and Delalleau, Olivier and Roux, Nicolas and Ouimet, Marie},
  journal={Advances in neural information processing systems},
  volume={16},
  pages={177--184},
  year={2003}
}

@inproceedings{platt2005fastmap,
  title={{FastMap}, {MetricMap}, and Landmark {MDS} are all {Nystrom} Algorithms},
  author={Platt, John},
  booktitle={AISTATS},
  year={2005}
}

@article{williams1998bayesian,
  title={Bayesian classification with {Gaussian} processes},
  author={Williams, Christopher KI and Barber, David},
  journal={IEEE Transactions on Pattern Analysis and Machine Intelligence},
  volume={20},
  number={12},
  pages={1342--1351},
  year={1998},
  publisher={IEEE}
}

@article{kumar2012sampling,
  title={Sampling methods for the {N}ystr{\"o}m method},
  author={Kumar, Sanjiv and Mohri, Mehryar and Talwalkar, Ameet},
  journal={The Journal of Machine Learning Research},
  volume={13},
  number={1},
  pages={981--1006},
  year={2012},
  publisher={JMLR. org}
}

@article{nystrom1930praktische,
  title={{\"U}ber die praktische Aufl{\"o}sung von Integralgleichungen mit Anwendungen auf Randwertaufgaben},
  author={Nystr{\"o}m, Evert J},
  journal={Acta Mathematica},
  volume={54},
  number={1},
  pages={185--204},
  year={1930},
  publisher={Institut Mittag-Leffler}
}

@article{kishore2017literature,
  title={Literature survey on low rank approximation of matrices},
  author={Kishore Kumar, N and Schneider, Jan},
  journal={Linear and Multilinear Algebra},
  volume={65},
  number={11},
  pages={2212--2244},
  year={2017},
  publisher={Taylor \& Francis}
}

@book{conway2007course,
  title={A course in functional analysis},
  author={Conway, John B},
  edition={2},
  year={2007},
  publisher={Springer}
}

@article{zhang2007local,
  title={Local features and kernels for classification of texture and object categories: A comprehensive study},
  author={Zhang, Jianguo and Marsza{\l}ek, Marcin and Lazebnik, Svetlana and Schmid, Cordelia},
  journal={International journal of computer vision},
  volume={73},
  number={2},
  pages={213--238},
  year={2007},
  publisher={Springer}
}

@article{perlibakas2004distance,
  title={Distance measures for {PCA}-based face recognition},
  author={Perlibakas, Vytautas},
  journal={Pattern recognition letters},
  volume={25},
  number={6},
  pages={711--724},
  year={2004},
  publisher={Elsevier}
}

@article{muandet2016kernel,
  title={Kernel mean embedding of distributions: A review and beyond},
  author={Muandet, Krikamol and Fukumizu, Kenji and Sriperumbudur, Bharath and Sch{\"o}lkopf, Bernhard},
  journal={arXiv preprint arXiv:1605.09522},
  year={2016}
}

@inproceedings{fukumizu2008characteristic,
  title={Characteristic Kernels on Groups and Semigroups},
  author={Fukumizu, Kenji and Sriperumbudur, Bharath K and Gretton, Arthur and Sch{\"o}lkopf, Bernhard},
  booktitle={Advances in neural information processing systems},
  pages={473--480},
  year={2008}
}

@article{fukumizu2009kernel,
  title={Kernel dimension reduction in regression},
  author={Fukumizu, Kenji and Bach, Francis R and Jordan, Michael I and others},
  journal={The Annals of Statistics},
  volume={37},
  number={4},
  pages={1871--1905},
  year={2009},
  publisher={Institute of Mathematical Statistics}
}

@article{simon2020metrizing,
  title={Metrizing weak convergence with maximum mean discrepancies},
  author={Simon-Gabriel, Carl-Johann and Barp, Alessandro and Mackey, Lester},
  journal={arXiv preprint arXiv:2006.09268},
  year={2020}
}

@article{muller1997integral,
  title={Integral probability metrics and their generating classes of functions},
  author={M{\"u}ller, Alfred},
  journal={Advances in Applied Probability},
  pages={429--443},
  year={1997},
  publisher={JSTOR}
}

@article{sriperumbudur2010hilbert,
  title={Hilbert space embeddings and metrics on probability measures},
  author={Sriperumbudur, Bharath K and Gretton, Arthur and Fukumizu, Kenji and Sch{\"o}lkopf, Bernhard and Lanckriet, Gert RG},
  journal={The Journal of Machine Learning Research},
  volume={11},
  pages={1517--1561},
  year={2010},
  publisher={JMLR. org}
}

@article{ormoneit2002kernel,
  title={Kernel-based reinforcement learning},
  author={Ormoneit, Dirk and Sen, {\'S}aunak},
  journal={Machine learning},
  volume={49},
  number={2},
  pages={161--178},
  year={2002},
  publisher={Springer}
}

@article{steinwart2002support,
  title={Support vector machines are universally consistent},
  author={Steinwart, Ingo},
  journal={Journal of Complexity},
  volume={18},
  number={3},
  pages={768--791},
  year={2002},
  publisher={Elsevier}
}

@book{steinwart2008support,
  title={Support vector machines},
  author={Steinwart, Ingo and Christmann, Andreas},
  year={2008},
  publisher={Springer Science \& Business Media}
}

@unpublished{oldford2018lecture,
    title ={Lecture: Recasting Principal Components},
    author={Oldford, Wayne},
    note ={Lecture notes for Data Visualization, Department of Statistics and Actuarial Science, University of Waterloo},
    year={2018}
}

@incollection{cox2008multidimensional,
  title={Multidimensional scaling},
  author={Cox, Michael AA and Cox, Trevor F},
  booktitle={Handbook of data visualization},
  pages={315--347},
  year={2008},
  publisher={Springer}
}

@inproceedings{ham2004kernel,
  title={A kernel view of the dimensionality reduction of manifolds},
  author={Ham, Jihun and Lee, Daniel D and Mika, Sebastian and Sch{\"o}lkopf, Bernhard},
  booktitle={Proceedings of the twenty-first international conference on Machine learning},
  pages={47},
  year={2004}
}

@book{strange2014open,
  title={Open Problems in Spectral Dimensionality Reduction},
  author={Strange, Harry and Zwiggelaar, Reyer},
  year={2014},
  publisher={Springer}
}

@article{tenenbaum2000global,
  title={A global geometric framework for nonlinear dimensionality reduction},
  author={Tenenbaum, Joshua B and De Silva, Vin and Langford, John C},
  journal={Science},
  volume={290},
  number={5500},
  pages={2319--2323},
  year={2000},
  publisher={American Association for the Advancement of Science}
}

@article{brunet2011mathematical,
  title={On the mathematical properties of the structural similarity index},
  author={Brunet, Dominique and Vrscay, Edward R and Wang, Zhou},
  journal={IEEE Transactions on Image Processing},
  volume={21},
  number={4},
  pages={1488--1499},
  year={2011},
  publisher={IEEE}
}

@article{rupp2015machine,
  title={Machine learning for quantum mechanics in a nutshell},
  author={Rupp, Matthias},
  journal={International Journal of Quantum Chemistry},
  volume={115},
  number={16},
  pages={1058--1073},
  year={2015},
  publisher={Wiley Online Library}
}

@book{kusse2006mathematical,
  title={Mathematical physics: applied mathematics for scientists and engineers},
  author={Kusse, Bruce R and Westwig, Erik A},
  edition={2},
  year={2006},
  publisher={Wiley-VCH}
}

@inproceedings{williams2000effect,
  title={The effect of the input density distribution on kernel-based classifiers},
  author={Williams, Christopher and Seeger, Matthias},
  booktitle={Proceedings of the 17th international conference on machine learning},
  year={2000}
}

@book{baker1977numerical,
  title={The numerical treatment of integral equations},
  author={Baker, Christopher TH},
  year={1978},
  publisher={Clarendon press}
}

@article{noack2021advanced,
  title={Advanced Stationary and Non-Stationary Kernel Designs for Domain-Aware {Gaussian} Processes},
  author={Noack, Marcus M and Sethian, James A},
  journal={arXiv preprint arXiv:2102.03432},
  year={2021}
}

@inproceedings{yan2005graph,
  title={Graph embedding: A general framework for dimensionality reduction},
  author={Yan, Shuicheng and Xu, Dong and Zhang, Benyu and Zhang, Hong-Jiang},
  booktitle={2005 IEEE Computer Society Conference on Computer Vision and Pattern Recognition (CVPR'05)},
  volume={2},
  pages={830--837},
  year={2005},
  organization={IEEE}
}

@article{ghojogh2019feature,
  title={Feature selection and feature extraction in pattern analysis: A literature review},
  author={Ghojogh, Benyamin and Samad, Maria N and Mashhadi, Sayema Asif and Kapoor, Tania and Ali, Wahab and Karray, Fakhri and Crowley, Mark},
  journal={arXiv preprint arXiv:1905.02845},
  year={2019}
}

@book{smola1998learning,
  title={Learning with kernels},
  author={Smola, Alex J and Sch{\"o}lkopf, Bernhard},
  volume={4},
  year={1998},
  publisher={Citeseer}
}

@article{simon2018kernel,
  title={Kernel distribution embeddings: Universal kernels, characteristic kernels and kernel metrics on distributions},
  author={Simon-Gabriel, Carl-Johann and Sch{\"o}lkopf, Bernhard},
  journal={The Journal of Machine Learning Research},
  volume={19},
  number={1},
  pages={1708--1736},
  year={2018},
  publisher={JMLR. org}
}

@phdthesis{guilbart1978etude,
  title={Etude des produits scalaires sur l'espace des mesures: estimation par projections},
  author={Guilbart, Christian},
  year={1978},
  school={Universit{\'e} des Sciences et Techniques de Lille}
}

@article{sriperumbudur2011universality,
  title={Universality, Characteristic Kernels and {RKHS} Embedding of Measures},
  author={Sriperumbudur, Bharath K and Fukumizu, Kenji and Lanckriet, Gert RG},
  journal={Journal of Machine Learning Research},
  volume={12},
  number={7},
  year={2011}
}

@inproceedings{arjovsky2017wasserstein,
  title={Wasserstein generative adversarial networks},
  author={Arjovsky, Martin and Chintala, Soumith and Bottou, L{\'e}on},
  booktitle={International conference on machine learning},
  pages={214--223},
  year={2017},
  organization={PMLR}
}

@article{hein2004kernels,
  title={Kernels, associated structures and generalizations},
  author={Hein, Matthias and Bousquet, Olivier},
  journal={Max-Planck-Institut fuer biologische Kybernetik, Technical Report},
  year={2004}
}

@article{bell2016trace,
  title={Trace class operators and {Hilbert}-{Schmidt}
operators},
  author={Bell, Jordan},
  journal={Department of Mathematics, University of Toronto, Technical Report},
  year={2016}
}

@book{gubner2006probability,
  title={Probability and random processes for electrical and computer engineers},
  author={Gubner, John A},
  year={2006},
  publisher={Cambridge University Press}
}

@inproceedings{li2015generative,
  title={Generative moment matching networks},
  author={Li, Yujia and Swersky, Kevin and Zemel, Rich},
  booktitle={International Conference on Machine Learning},
  pages={1718--1727},
  year={2015},
  organization={PMLR}
}

@article{hilbert1904grundzuge,
  title={Grundz{\"u}ge einer allgemeinen Theorie der linearen Integralrechnungen {I}},
  author={Hilbert, David},
  journal={Nachrichten von der Gesellschaft der Wissenschaften zu G{\"o}ttingen, Mathematisch-Physikalische Klasse},
  pages={49--91},
  year={1904}
}

@inproceedings{garling1973short,
  title={A ‘short’ proof of the {Riesz} representation theorem},
  author={Garling, DJH},
  booktitle={Mathematical Proceedings of the Cambridge Philosophical Society},
  volume={73},
  number={3},
  pages={459--460},
  year={1973},
  organization={Cambridge University Press}
}

@article{adragni2009sufficient,
  title={Sufficient dimension reduction and prediction in regression},
  author={Adragni, Kofi P and Cook, R Dennis},
  journal={Philosophical Transactions of the Royal Society A: Mathematical, Physical and Engineering Sciences},
  volume={367},
  number={1906},
  pages={4385--4405},
  year={2009},
  publisher={The Royal Society Publishing}
}

@inproceedings{silva2006selecting,
  title={Selecting landmark points for sparse manifold learning},
  author={Silva, Jorge and Marques, Jorge and Lemos, Jo{\~a}o},
  booktitle={Advances in neural information processing systems},
  pages={1241--1248},
  year={2006}
}

@inproceedings{kumar2009sampling,
  title={Sampling techniques for the {N}ystr{\"o}m method},
  author={Kumar, Sanjiv and Mohri, Mehryar and Talwalkar, Ameet},
  booktitle={Artificial Intelligence and Statistics},
  pages={304--311},
  year={2009},
  organization={PMLR}
}

@article{drineas2005nystrom,
  title={On the {N}ystr{\"o}m Method for Approximating a {Gram} Matrix for Improved Kernel-Based Learning},
  author={Drineas, Petros and Mahoney, Michael W and Cristianini, Nello},
  journal={journal of machine learning research},
  volume={6},
  number={12},
  year={2005}
}

@inproceedings{rudi2015less,
  title={Less is More: {N}ystr{\"o}m Computational Regularization.},
  author={Rudi, Alessandro and Camoriano, Raffaello and Rosasco, Lorenzo},
  booktitle={Advances in neural information processing systems},
  pages={1657--1665},
  year={2015}
}

@article{fowlkes2004spectral,
  title={Spectral grouping using the {N}ystr{\"o}m method},
  author={Fowlkes, Charless and Belongie, Serge and Chung, Fan and Malik, Jitendra},
  journal={IEEE transactions on pattern analysis and machine intelligence},
  volume={26},
  number={2},
  pages={214--225},
  year={2004},
  publisher={IEEE}
}

@inproceedings{lim2018multi,
  title={Multi-scale {N}ystr{\"o}m method},
  author={Lim, Woosang and Du, Rundong and Dai, Bo and Jung, Kyomin and Song, Le and Park, Haesun},
  booktitle={International Conference on Artificial Intelligence and Statistics},
  pages={68--76},
  year={2018},
  organization={PMLR}
}

@inproceedings{li2010making,
  title={Making large-scale {N}ystr{\"o}m approximation possible},
  author={Li, Mu and Kwok, James Tin-Yau and L{\"u}, Baoliang},
  booktitle={ICML 2010-Proceedings, 27th International Conference on Machine Learning},
  pages={631},
  year={2010}
}

@inproceedings{farahat2011novel,
  title={A novel greedy algorithm for {N}ystr{\"o}m approximation},
  author={Farahat, Ahmed and Ghodsi, Ali and Kamel, Mohamed},
  booktitle={Proceedings of the Fourteenth International Conference on Artificial Intelligence and Statistics},
  pages={269--277},
  year={2011},
  organization={JMLR Workshop and Conference Proceedings}
}

@article{farahat2015greedy,
  title={Greedy column subset selection for large-scale data sets},
  author={Farahat, Ahmed K and Elgohary, Ahmed and Ghodsi, Ali and Kamel, Mohamed S},
  journal={Knowledge and Information Systems},
  volume={45},
  number={1},
  pages={1--34},
  year={2015},
  publisher={Springer}
}

@article{zhang2010clustered,
  title={Clustered {N}ystr{\"o}m method for large scale manifold learning and dimension reduction},
  author={Zhang, Kai and Kwok, James T},
  journal={IEEE Transactions on Neural Networks},
  volume={21},
  number={10},
  pages={1576--1587},
  year={2010},
  publisher={IEEE}
}

@inproceedings{lim2015double,
  title={Double {N}ystr{\"o}m method: An efficient and accurate {N}ystr{\"o}m scheme for large-scale data sets},
  author={Lim, Woosang and Kim, Minhwan and Park, Haesun and Jung, Kyomin},
  booktitle={International Conference on Machine Learning},
  pages={1367--1375},
  year={2015},
  organization={PMLR}
}

@article{aronszajn1950theory,
  title={Theory of reproducing kernels},
  author={Aronszajn, Nachman},
  journal={Transactions of the American mathematical society},
  volume={68},
  number={3},
  pages={337--404},
  year={1950},
  publisher={JSTOR}
}

@inproceedings{bourbaki1950certains,
  title={Sur certains espaces vectoriels topologiques},
  author={Bourbaki, Nicolas},
  booktitle={Annales de l'institut Fourier},
  volume={2},
  pages={5--16},
  year={1950}
}

@book{narici2010topological,
  title={Topological vector spaces},
  author={Narici, Lawrence and Beckenstein, Edward},
  year={2010},
  publisher={CRC Press}
}

@article{schmidt1908auflosung,
  title={{\"U}ber die Aufl{\"o}sung linearer Gleichungen mit unendlich vielen Unbekannten},
  author={Schmidt, Erhard},
  journal={Rendiconti del Circolo Matematico di Palermo (1884-1940)},
  volume={25},
  number={1},
  pages={53--77},
  year={1908},
  publisher={Springer}
}

@book{prugovecki1982quantum,
  title={Quantum mechanics in {Hilbert} space},
  author={Prugovecki, Eduard},
  year={1982},
  publisher={Academic Press}
}

@book{fausett1994fundamentals,
  title={Fundamentals of neural networks: architectures, algorithms and applications},
  author={Fausett, Laurene V},
  year={1994},
  publisher={Prentice-Hall, Inc.}
}

@article{hinton2006reducing,
  title={Reducing the dimensionality of data with neural networks},
  author={Hinton, Geoffrey E and Salakhutdinov, Ruslan R},
  journal={Science},
  volume={313},
  number={5786},
  pages={504--507},
  year={2006},
  publisher={American Association for the Advancement of Science}
}

@article{muller2018introduction,
  title={An introduction to kernel-based learning algorithms},
  author={M{\"u}ller, Klaus-Robert and Mika, Sebastian and Tsuda, Koji and Sch{\"o}lkopf, Bernhard},
  journal={Handbook of Neural Network Signal Processing},
  year={2018},
  publisher={CRC Press}
}

@article{genton2001classes,
  title={Classes of kernels for machine learning: a statistics perspective},
  author={Genton, Marc G},
  journal={Journal of machine learning research},
  volume={2},
  number={Dec},
  pages={299--312},
  year={2001}
}

@article{borgwardt2006integrating,
  title={Integrating structured biological data by kernel maximum mean discrepancy},
  author={Borgwardt, Karsten M and Gretton, Arthur and Rasch, Malte J and Kriegel, Hans-Peter and Sch{\"o}lkopf, Bernhard and Smola, Alex J},
  journal={Bioinformatics},
  volume={22},
  number={14},
  pages={e49--e57},
  year={2006},
  publisher={Oxford University Press}
}

@phdthesis{song2008learning,
  title={Learning via Hilbert space embedding of distributions},
  author={Song, Le},
  year={2008},
  school={The University of Sydney}
}

@inproceedings{pan2008transfer,
  title={Transfer learning via dimensionality reduction.},
  author={Pan, Sinno Jialin and Kwok, James T and Yang, Qiang},
  booktitle={AAAI},
  volume={8},
  pages={677--682},
  year={2008}
}


@article{en3,
  title={{The Mechanism and Effectiveness of Credit Scoring of P2P Lending Platform: Evidence from Renrendai.com}},
  author={Li, Qiang and Chen, Liwen and Zeng, Yong},
  journal={China Finance Review International},
  volume={8},
  number={3},
  pages={256--274},
  year={2018},
  publisher={Emerald Publishing Limited}
}


@article{en2,
   author = {Carlstrom, Charles T and Fuerst, Timothy S},
   title = {{Agency Costs, Net Worth, and Business Fluctuations: A Computable General Equilibrium Analysis}},
   journal = {The American Economic Review},
   pages = {893-910},
   ISSN = {0002-8282},
   year = {1997},
   type = {Journal Article}
}

@article{en1,
   author = {Quadrini, Vincenzo},
   title = {{Financial Frictions in Macroeconomic Fluctuations}},
   journal = {FRB Richmond Economic Quarterly},
   volume = {97},
   number = {3},
   pages = {209-254},
   year = {2011},
   type = {Journal Article}
}

@article{cn1,
   author = {方军雄},
   key = {fang1 jun1 xiong2},
   title = {{所有制、制度环境与信贷资金配置}},
   journal = {经济研究},
   number = {12},
   pages = {82-92},
   ISSN = {0577-9154},
   year = {2007},
   type = {Journal Article}
}

@article{cn2,
   author = {刘凤良 and 章潇萌 and 于泽},
   key = {liu2 feng4 liang2 zhang1 xiao1 meng2 yu2 ze2},
   title = {{高投资、结构失衡与价格指数二元分化}},
   journal = {金融研究},
   number = {02},
   pages = {54-69},
   ISSN = {1002-7246},
   year = {2017},
   type = {Journal Article}
}

@article{cn3,
   author = {吕捷 and 王高望},
   key = {lv3 jie2 wang2 gao1 wang4},
   title = {{CPI 与 PPI “背离”的结构性解释}},
   journal = {经济研究},
   volume = {50},
   number = {04},
   pages = {136-149},
   ISSN = {0577-9154},
   year = {2015},
   type = {Journal Article}
}
@book{boyd2004convex,
  title={Convex optimization},
  author={Boyd, Stephen and Vandenberghe, Lieven},
  year={2004},
  publisher={Cambridge university press}
}

@book{nocedal2006numerical,
  title={Numerical optimization},
  author={Nocedal, Jorge and Wright, Stephen},
  year={2006},
  edition={2},
  publisher={Springer Science \& Business Media}
}

@inproceedings{kuhn1951nonlinear,
  title={Nonlinear programming},
  author={Kuhn, Harold W and Tucker, Albert W},
  booktitle={Berkeley Symposium on Mathematical Statistics and Probability},
  pages={481--492},
  year={1951},
  organization={Berkeley: University of California Press}
}

@mastersthesis{karush1939minima,
  title={Minima of functions of several variables with inequalities as side constraints},
  author={Karush, William},
  school = {Department of Mathematics, University of Chicago, Chicago, Illinois},
  year = 1939
}

@article{kjeldsen2000contextualized,
  title={A contextualized historical analysis of the {Kuhn}--{Tucker} theorem in nonlinear programming: the impact of World War {II}},
  author={Kjeldsen, Tinne Hoff},
  journal={Historia mathematica},
  volume={27},
  number={4},
  pages={331--361},
  year={2000},
  publisher={Elsevier}
}

@techreport{slater1950lagrange,
  title={Lagrange multipliers revisited},
  author={Slater, Morton},
  year={1950},
  institution={Cowles Commission Discussion Paper: Mathematics 403, Yale University}
}

@misc{grant2009cvx,
  title={{CVX}: Matlab software for disciplined convex programming},
  author={Grant, Michael and Boyd, Stephen and Ye, Yinyu},
  year={2009}
}

@book{nesterov1994interior,
  title={Interior-point polynomial algorithms in convex programming},
  author={Nesterov, Yurii and Nemirovskii, Arkadii},
  year={1994},
  publisher={SIAM}
}

@article{vandenberghe1996semidefinite,
  title={Semidefinite programming},
  author={Vandenberghe, Lieven and Boyd, Stephen},
  journal={SIAM review},
  volume={38},
  number={1},
  pages={49--95},
  year={1996},
  publisher={SIAM}
}

@article{everett1963generalized,
  title={Generalized {Lagrange} multiplier method for solving problems of optimum allocation of resources},
  author={Everett III, Hugh},
  journal={Operations research},
  volume={11},
  number={3},
  pages={399--417},
  year={1963},
  publisher={INFORMS}
}

@article{benders1962partitioning,
  title={Partitioning procedures for solving mixed-variables programming problems},
  author={Benders, Jacques F},
  journal={Numerische mathematik},
  volume={4},
  number={1},
  pages={238--252},
  year={1962},
  publisher={Springer-Verlag}
}

@article{dantzig1960decomposition,
  title={Decomposition principle for linear programs},
  author={Dantzig, George B and Wolfe, Philip},
  journal={Operations research},
  volume={8},
  number={1},
  pages={101--111},
  year={1960},
  publisher={INFORMS}
}

@inproceedings{li2019alternating,
  title={Alternating minimizations converge to second-order optimal solutions},
  author={Li, Qiuwei and Zhu, Zhihui and Tang, Gongguo},
  booktitle={International Conference on Machine Learning},
  pages={3935--3943},
  year={2019}
}

@article{jain2017non,
  title={Non-convex optimization for machine learning},
  author={Jain, Prateek and Kar, Purushottam},
  journal={arXiv preprint arXiv:1712.07897},
  year={2017}
}

@article{hestenes1969multiplier,
  title={Multiplier and gradient methods},
  author={Hestenes, Magnus R},
  journal={Journal of optimization theory and applications},
  volume={4},
  number={5},
  pages={303--320},
  year={1969},
  publisher={Springer}
}

@article{powell1969method,
  title={A method for nonlinear constraints in minimization problems},
  author={Powell, Michael JD},
  journal={Optimization},
  pages={283--298},
  year={1969},
  publisher={Academic Press}
}

@article{bertsekas1982method,
  title={The method of multipliers for equality constrained problems},
  author={Bertsekas, Dimitri P},
  journal={Constrained optimization and Lagrange multiplier methods},
  pages={96--157},
  year={1982},
  publisher={Elsevier}
}

@article{gabay1976dual,
  title={A dual algorithm for the solution of nonlinear variational problems via finite element approximation},
  author={Gabay, Daniel and Mercier, Bertrand},
  journal={Computers \& mathematics with applications},
  volume={2},
  number={1},
  pages={17--40},
  year={1976},
  publisher={Elsevier}
}

@inproceedings{glowinski1976finite,
  title={Finite element approximation and iterative methods of solution for 2-{D} nonlinear magnetostatic problems},
  author={Glowinski, R and Marrocco, A},
  booktitle={Proceeding of International Conference on the Computation of Electromagnetic Fields (COMPUMAG)},
  year={1976}
}

@book{boyd2011distributed,
  title={Distributed optimization and statistical learning via the alternating direction method of multipliers},
  author={Boyd, Stephen and Parikh, Neal and Chu, Eric},
  year={2011},
  publisher={Now Publishers Inc}
}

@article{giesen2016distributed,
  title={Distributed convex optimization with many convex constraints},
  author={Giesen, Joachim and Laue, S{\"o}ren},
  journal={arXiv preprint arXiv:1610.02967},
  year={2016}
}

@inproceedings{giesen2019combining,
  title={Combining {ADMM} and the Augmented {Lagrangian} Method for Efficiently Handling Many Constraints},
  author={Giesen, Joachim and Laue, S{\"o}ren},
  booktitle={International Joint Conference on Artificial Intelligence},
  pages={4525--4531},
  year={2019}
}

@article{konevcny2015federated,
  title={Federated optimization: Distributed optimization beyond the datacenter},
  author={Kone{\v{c}}n{\`y}, Jakub and McMahan, Brendan and Ramage, Daniel},
  journal={arXiv preprint arXiv:1511.03575},
  year={2015}
}

@article{li2020federated,
  title={Federated learning: Challenges, methods, and future directions},
  author={Li, Tian and Sahu, Anit Kumar and Talwalkar, Ameet and Smith, Virginia},
  journal={IEEE Signal Processing Magazine},
  volume={37},
  number={3},
  pages={50--60},
  year={2020},
  publisher={IEEE}
}

@book{stoer2013introduction,
  title={Introduction to numerical analysis},
  author={Stoer, Josef and Bulirsch, Roland},
  volume={12},
  year={2013},
  publisher={Springer Science \& Business Media}
}

@article{wright2005interior,
  title={The interior-point revolution in optimization: history, recent developments, and lasting consequences},
  author={Wright, Margaret},
  journal={Bulletin of the American mathematical society},
  volume={42},
  number={1},
  pages={39--56},
  year={2005}
}

@inproceedings{dikin1967iterative,
  title={Iterative solution of problems of linear and quadratic programming},
  author={Dikin, I.I.},
  booktitle={Doklady Akademii Nauk},
  volume={174},
  number={4},
  pages={747--748},
  year={1967},
  organization={Russian Academy of Sciences}
}

@article{potra2000interior,
  title={Interior-point methods},
  author={Potra, Florian A and Wright, Stephen J},
  journal={Journal of computational and applied mathematics},
  volume={124},
  number={1-2},
  pages={281--302},
  year={2000},
  publisher={Elsevier}
}

@book{nesterov2018lectures,
  title={Lectures on convex optimization},
  author={Nesterov, Yurii},
  volume={137},
  year={2018},
  publisher={Springer}
}

@article{fiacco1967sequential,
  title={The sequential unconstrained minimization technique ({SUMT}) without parameters},
  author={Fiacco, Anthony V and McCormick, Garth P},
  journal={Operations Research},
  volume={15},
  number={5},
  pages={820--827},
  year={1967},
  publisher={INFORMS}
}

@inproceedings{liu2021smooth,
  title={Smooth Bandit Optimization: Generalization to {Holder} Space},
  author={Liu, Yusha and Wang, Yining and Singh, Aarti},
  booktitle={International Conference on Artificial Intelligence and Statistics},
  pages={2206--2214},
  year={2021}
}

@article{nesterov1998introductory,
  title={Introductory lectures on convex programming volume {I}: Basic course},
  author={Nesterov, Yurii},
  journal={Lecture notes},
  volume={3},
  number={4},
  pages={5},
  year={1998}
}

@article{wright2015coordinate,
  title={Coordinate descent algorithms},
  author={Wright, Stephen J},
  journal={Mathematical Programming},
  volume={151},
  number={1},
  pages={3--34},
  year={2015},
  publisher={Springer}
}

@article{wu2008coordinate,
  title={Coordinate descent algorithms for lasso penalized regression},
  author={Wu, Tong Tong and Lange, Kenneth},
  journal={The Annals of Applied Statistics},
  volume={2},
  number={1},
  pages={224--244},
  year={2008},
  publisher={Institute of Mathematical Statistics}
}

@article{gower2018convergence,
  title={Convergence theorems for gradient descent},
  author={Gower, Robert M},
  journal={Lecture notes for Statistical Optimization},
  year={2018}
}

@inproceedings{nesterov1983method,
  title={A method for solving the convex programming problem with convergence rate {O}(1/k\^{}2)},
  author={Nesterov, Yurii},
  booktitle={Dokl. Akad. Nauk SSSR},
  volume={269},
  pages={543--547},
  year={1983}
}

@book{nesterov2003introductory,
  title={Introductory lectures on convex optimization: A basic course},
  author={Nesterov, Yurii},
  volume={87},
  year={2003},
  publisher={Springer Science \& Business Media}
}

@article{nesterov2005smooth,
  title={Smooth minimization of non-smooth functions},
  author={Nesterov, Yurii},
  journal={Mathematical programming},
  volume={103},
  number={1},
  pages={127--152},
  year={2005},
  publisher={Springer}
}

@article{armijo1966minimization,
  title={Minimization of functions having {Lipschitz} continuous first partial derivatives},
  author={Armijo, Larry},
  journal={Pacific Journal of mathematics},
  volume={16},
  number={1},
  pages={1--3},
  year={1966},
  publisher={Mathematical Sciences Publishers}
}

@article{bubeck2014convex,
  title={Convex optimization: Algorithms and complexity},
  author={Bubeck, S{\'e}bastien},
  journal={arXiv preprint arXiv:1405.4980},
  year={2014}
}

@article{robbins1951stochastic,
  title={A stochastic approximation method},
  author={Robbins, Herbert and Monro, Sutton},
  journal={The annals of mathematical statistics},
  pages={400--407},
  year={1951},
  publisher={JSTOR}
}

@article{bottou2018optimization,
  title={Optimization methods for large-scale machine learning},
  author={Bottou, L{\'e}on and Curtis, Frank E and Nocedal, Jorge},
  journal={SIAM Review},
  volume={60},
  number={2},
  pages={223--311},
  year={2018},
  publisher={SIAM}
}

@article{su2016differential,
  title={A differential equation for modeling {Nesterov}'s accelerated gradient method: Theory and insights},
  author={Su, Weijie and Boyd, Stephen and Candes, Emmanuel J},
  journal={The Journal of Machine Learning Research},
  volume={17},
  number={1},
  pages={5312--5354},
  year={2016}
}

@article{nesterov1988approach,
  title={On an approach to the construction of optimal methods of minimization of smooth convex functions},
  author={Nesterov, Yurii},
  journal={Ekonomika i Mateaticheskie Metody},
  volume={24},
  number={3},
  pages={509--517},
  year={1988}
}

@article{nesterov2013gradient,
  title={Gradient methods for minimizing composite functions},
  author={Nesterov, Yurii},
  journal={Mathematical Programming},
  volume={140},
  number={1},
  pages={125--161},
  year={2013},
  publisher={Springer}
}

@techreport{hinton2012neural,
  title={Neural networks for machine learning lecture 6a overview of mini-batch gradient descent},
  author={Hinton, Geoffrey and Srivastava, Nitish and Swersky, Kevin},
  year={2012},
  institution={Department of Computer Science, University of Toronto}
}

@article{tieleman2012lecture,
  title={Lecture 6.5-rmsprop: Divide the gradient by a running average of its recent magnitude},
  author={Tieleman, Tijmen and Hinton, Geoffrey},
  journal={COURSERA: Neural networks for machine learning},
  volume={4},
  number={2},
  pages={26--31},
  year={2012}
}

@inproceedings{riedmiller1992rprop,
  title={{Rprop}-a fast adaptive learning algorithm},
  author={Riedmiller, Martin and Braun, Heinrich},
  booktitle={Proceedings of the International Symposium on Computer and Information Science VII},
  year={1992}
}

@article{kingma2014adam,
  title={Adam: A method for stochastic optimization},
  author={Kingma, Diederik P and Ba, Jimmy},
  journal={arXiv preprint arXiv:1412.6980},
  year={2014}
}

@inproceedings{zou2019sufficient,
  title={A sufficient condition for convergences of {Adam} and {RMSProp}},
  author={Zou, Fangyu and Shen, Li and Jie, Zequn and Zhang, Weizhong and Liu, Wei},
  booktitle={Proceedings of the IEEE/CVF Conference on Computer Vision and Pattern Recognition},
  pages={11127--11135},
  year={2019}
}

@book{beck2017first,
  title={First-order methods in optimization},
  author={Beck, Amir},
  year={2017},
  publisher={SIAM}
}

@article{bottou1998online,
  title={Online learning and stochastic approximations},
  author={Bottou, L{\'e}on and others},
  journal={On-line learning in neural networks},
  volume={17},
  number={9},
  pages={142},
  year={1998}
}

@book{absil2009optimization,
  title={Optimization algorithms on matrix manifolds},
  author={Absil, P-A and Mahony, Robert and Sepulchre, Rodolphe},
  year={2009},
  publisher={Princeton University Press}
}

@book{boumal2020introduction,
  title={An introduction to optimization on smooth manifolds},
  author={Boumal, Nicolas},
  year={2020},
  publisher={Available online}
}

@book{hestenes1952methods,
  title={Methods of conjugate gradients for solving linear systems},
  author={Hestenes, Magnus Rudolph and Stiefel, Eduard},
  volume={49},
  number={1},
  year={1952},
  publisher={NBS Washington, DC}
}

@book{fletcher1987practical,
  title={Practical methods of optimization},
  author={Fletcher, Roger},
  year={1987},
  publisher={John Wiley \& Sons}
}

@article{nocedal1980updating,
  title={Updating quasi-{Newton} matrices with limited storage},
  author={Nocedal, Jorge},
  journal={Mathematics of computation},
  volume={35},
  number={151},
  pages={773--782},
  year={1980}
}

@article{liu1989limited,
  title={On the limited memory {BFGS} method for large scale optimization},
  author={Liu, Dong C and Nocedal, Jorge},
  journal={Mathematical programming},
  volume={45},
  number={1},
  pages={503--528},
  year={1989},
  publisher={Springer}
}

@book{goodfellow2016deep,
  title={Deep learning},
  author={Goodfellow, Ian and Bengio, Yoshua and Courville, Aaron},
  year={2016},
  publisher={MIT press}
}

@article{ghojogh2020sampling,
  title={Sampling algorithms, from survey sampling to {Monte} {Carlo} methods: Tutorial and literature review},
  author={Ghojogh, Benyamin and Nekoei, Hadi and Ghojogh, Aydin and Karray, Fakhri and Crowley, Mark},
  journal={arXiv preprint arXiv:2011.00901},
  year={2020}
}

@article{ghojogh2019theory,
  title={The theory behind overfitting, cross validation, regularization, bagging, and boosting: tutorial},
  author={Ghojogh, Benyamin and Crowley, Mark},
  journal={arXiv preprint arXiv:1905.12787},
  year={2019}
}

@article{parikh2014proximal,
  title={Proximal algorithms},
  author={Parikh, Neal and Boyd, Stephen},
  journal={Foundations and Trends in optimization},
  volume={1},
  number={3},
  pages={127--239},
  year={2014},
  publisher={Now Publishers Inc. Hanover, MA, USA}
}

@article{moreau1965proximite,
  title={Proximit{\'e} et dualit{\'e} dans un espace hilbertien},
  author={Moreau, Jean Jacques},
  journal={Bulletin de la Soci{\'e}t{\'e} math{\'e}matique de France},
  volume={93},
  pages={273--299},
  year={1965}
}

@book{yosida1965functional,
  title={Functional analysis},
  author={Yosida, K{\^o}saku},
  year={1965},
  publisher={Springer Berlin Heidelberg}
}

@article{lemarechal1997practical,
  title={Practical aspects of the {Moreau}--{Yosida} regularization: Theoretical preliminaries},
  author={Lemar{\'e}chal, Claude and Sagastiz{\'a}bal, Claudia},
  journal={SIAM journal on optimization},
  volume={7},
  number={2},
  pages={367--385},
  year={1997},
  publisher={SIAM}
}

@article{moreau1962decomposition,
  title={D{\'e}composition orthogonale d'un espace {Hilbertien} selon deux c{\^o}nes mutuellement polaires},
  author={Moreau, Jean Jacques},
  journal={Comptes rendus hebdomadaires des s{\'e}ances de l'Acad{\'e}mie des sciences},
  volume={255},
  pages={238--240},
  year={1962}
}

@article{holder1889ueber,
  title={Ueber einen mittelwerthabsatz},
  author={H{\"o}lder, Otto},
  journal={Nachrichten von der K{\"o}nigl. Gesellschaft der Wissenschaften und der Georg-Augusts-Universit{\"a}t zu G{\"o}ttingen},
  volume={1889},
  pages={38--47},
  year={1889}
}

@article{rockafellar1976monotone,
  title={Monotone operators and the proximal point algorithm},
  author={Rockafellar, R Tyrrell},
  journal={SIAM journal on control and optimization},
  volume={14},
  number={5},
  pages={877--898},
  year={1976},
  publisher={SIAM}
}

@article{beck2009fast,
  title={A fast iterative shrinkage-thresholding algorithm for linear inverse problems},
  author={Beck, Amir and Teboulle, Marc},
  journal={SIAM journal on imaging sciences},
  volume={2},
  number={1},
  pages={183--202},
  year={2009},
  publisher={SIAM}
}

@article{schmidt2011convergence,
  title={Convergence rates of inexact proximal-gradient methods for convex optimization},
  author={Schmidt, Mark and Roux, Nicolas Le and Bach, Francis},
  journal={arXiv preprint arXiv:1109.2415},
  year={2011}
}

@inproceedings{chen2012fast,
  title={A fast distributed proximal-gradient method},
  author={Chen, Annie I and Ozdaglar, Asuman},
  booktitle={2012 50th Annual Allerton Conference on Communication, Control, and Computing (Allerton)},
  pages={601--608},
  year={2012},
  organization={IEEE}
}

@article{drummond2004projected,
  title={A projected gradient method for vector optimization problems},
  author={Drummond, LM Grana and Iusem, Alfredo N},
  journal={Computational Optimization and applications},
  volume={28},
  number={1},
  pages={5--29},
  year={2004},
  publisher={Springer}
}

@article{levitin1966constrained,
  title={Constrained minimization methods},
  author={Levitin, Evgeny S and Polyak, Boris T},
  journal={USSR Computational mathematics and mathematical physics},
  volume={6},
  number={5},
  pages={1--50},
  year={1966},
  publisher={No longer published by Elsevier}
}

@article{frank1956algorithm,
  title={An algorithm for quadratic programming},
  author={Frank, Marguerite and Wolfe, Philip},
  journal={Naval research logistics quarterly},
  volume={3},
  number={1-2},
  pages={95--110},
  year={1956},
  publisher={Wiley Subscription Services, Inc., A Wiley Company New York}
}

@inproceedings{reddi2016stochastic,
  title={Stochastic {Frank}-{Wolfe} methods for nonconvex optimization},
  author={Reddi, Sashank J and Sra, Suvrit and P{\'o}czos, Barnab{\'a}s and Smola, Alex},
  booktitle={2016 54th Annual Allerton Conference on Communication, Control, and Computing (Allerton)},
  pages={1244--1251},
  year={2016},
  organization={IEEE}
}

@article{bauschke1996projection,
  title={On projection algorithms for solving convex feasibility problems},
  author={Bauschke, Heinz H and Borwein, Jonathan M},
  journal={SIAM review},
  volume={38},
  number={3},
  pages={367--426},
  year={1996},
  publisher={SIAM}
}

@incollection{huber1992robust,
  title={Robust estimation of a location parameter},
  author={Huber, Peter J},
  booktitle={Breakthroughs in statistics},
  pages={492--518},
  year={1992},
  publisher={Springer}
}

@article{banaschewski1961proximity,
  title={Proximity functions},
  author={Banaschewski, Bernhard and Maranda, Jean-Marie},
  journal={Mathematische Nachrichten},
  volume={23},
  number={1},
  pages={1--37},
  year={1961},
  publisher={Wiley Online Library}
}

@book{friedman2001elements,
  title={The elements of statistical learning},
  author={Friedman, Jerome and Hastie, Trevor and Tibshirani, Robert and others},
  volume={1},
  number={10},
  year={2001},
  publisher={Springer series in statistics New York}
}

@article{domingos1999role,
  title={The role of {Occam's} razor in knowledge discovery},
  author={Domingos, Pedro},
  journal={Data mining and knowledge discovery},
  volume={3},
  number={4},
  pages={409--425},
  year={1999},
  publisher={Springer}
}

@article{donoho2006most,
  title={For most large underdetermined systems of linear equations the minimal $\ell_1$-norm solution is also the sparsest solution},
  author={Donoho, David L},
  journal={Communications on Pure and Applied Mathematics: A Journal Issued by the Courant Institute of Mathematical Sciences},
  volume={59},
  number={6},
  pages={797--829},
  year={2006},
  publisher={Wiley Online Library}
}

@article{tibshirani1996regression,
  title={Regression shrinkage and selection via the lasso},
  author={Tibshirani, Robert},
  journal={Journal of the Royal Statistical Society: Series B (Methodological)},
  volume={58},
  number={1},
  pages={267--288},
  year={1996},
  publisher={Wiley Online Library}
}

@article{geman1984stochastic,
  title={Stochastic relaxation, {Gibbs} distributions, and the {Bayesian} restoration of images},
  author={Geman, Stuart and Geman, Donald},
  journal={IEEE Transactions on pattern analysis and machine intelligence},
  number={6},
  pages={721--741},
  year={1984},
  publisher={IEEE}
}

@article{luo1992convergence,
  title={On the convergence of the coordinate descent method for convex differentiable minimization},
  author={Luo, Zhi-Quan and Tseng, Paul},
  journal={Journal of Optimization Theory and Applications},
  volume={72},
  number={1},
  pages={7--35},
  year={1992},
  publisher={Springer}
}

@article{luo1993error,
  title={Error bounds and convergence analysis of feasible descent methods: a general approach},
  author={Luo, Zhi-Quan and Tseng, Paul},
  journal={Annals of Operations Research},
  volume={46},
  number={1},
  pages={157--178},
  year={1993},
  publisher={Springer}
}

@article{tseng2001convergence,
  title={Convergence of a block coordinate descent method for nondifferentiable minimization},
  author={Tseng, Paul},
  journal={Journal of optimization theory and applications},
  volume={109},
  number={3},
  pages={475--494},
  year={2001},
  publisher={Springer}
}

@book{hastie2019statistical,
  title={Statistical learning with sparsity: the lasso and generalizations},
  author={Hastie, Trevor and Tibshirani, Robert and Wainwright, Martin},
  year={2019},
  publisher={Chapman and Hall/CRC}
}

@inproceedings{lee2013efficient,
  title={Efficient accelerated coordinate descent methods and faster algorithms for solving linear systems},
  author={Lee, Yin Tat and Sidford, Aaron},
  booktitle={2013 ieee 54th annual symposium on foundations of computer science},
  pages={147--156},
  year={2013},
  organization={IEEE}
}

@article{fercoq2015accelerated,
  title={Accelerated, parallel, and proximal coordinate descent},
  author={Fercoq, Olivier and Richt{\'a}rik, Peter},
  journal={SIAM Journal on Optimization},
  volume={25},
  number={4},
  pages={1997--2023},
  year={2015},
  publisher={SIAM}
}

@book{shor2012minimization,
  title={Minimization methods for non-differentiable functions},
  author={Shor, Naum Zuselevich},
  volume={3},
  year={2012},
  publisher={Springer Science \& Business Media}
}

@techreport{boyd2008stochastic,
  title={Stochastic subgradient methods},
  author={Boyd, Stephen and Mutapcic, Almir},
  year={2008},
  institution={Lecture Notes for EE364b, Stanford University}
}

@book{shor1998nondifferentiable,
  title={Nondifferentiable optimization and polynomial problems},
  author={Shor, Naum Zuselevich},
  volume={24},
  year={1998},
  publisher={Springer Science \& Business Media}
}

@article{alber1998projected,
  title={On the projected subgradient method for nonsmooth convex optimization in a {Hilbert} space},
  author={Alber, Ya I and Iusem, Alfredo N. and Solodov, Mikhail V.},
  journal={Mathematical Programming},
  volume={81},
  number={1},
  pages={23--35},
  year={1998},
  publisher={Springer}
}

@book{dantzig1963linear,
  title={Linear programming and extensions},
  author={Dantzig, George},
  year={1963},
  publisher={Princeton university press}
}

@book{burden1963numerical,
  title={Numerical Analysis},
  author={Burden, Richard L. and Faires, J. Douglas},
  year={1963},
  publisher={PWS Publishers}
}

@incollection{dantzig1983reminiscences,
  title={Reminiscences about the origins of linear programming},
  author={Dantzig, George B},
  booktitle={Mathematical Programming The State of the Art},
  pages={78--86},
  year={1983},
  publisher={Springer}
}

@inproceedings{roux2012stochastic,
  title={A stochastic gradient method with an exponential convergence rate for finite training sets},
  author={Roux, Nicolas Le and Schmidt, Mark and Bach, Francis},
  booktitle={Advances in Neural Information Processing Systems},
  volume={25},
  year={2012}
}

@article{schmidt2017minimizing,
  title={Minimizing finite sums with the stochastic average gradient},
  author={Schmidt, Mark and Le Roux, Nicolas and Bach, Francis},
  journal={Mathematical Programming},
  volume={162},
  number={1-2},
  pages={83--112},
  year={2017},
  publisher={Springer}
}

@article{chen2021san,
  title={{SAN}: Stochastic Average {Newton} Algorithm for Minimizing Finite Sums},
  author={Chen, Jiabin and Yuan, Rui and Garrigos, Guillaume and Gower, Robert M},
  journal={arXiv preprint arXiv:2106.10520},
  year={2021}
}

@article{johnson2013accelerating,
  title={Accelerating stochastic gradient descent using predictive variance reduction},
  author={Johnson, Rie and Zhang, Tong},
  journal={Advances in neural information processing systems},
  volume={26},
  pages={315--323},
  year={2013}
}

@article{wang2019global,
  title={Global convergence of {ADMM} in nonconvex nonsmooth optimization},
  author={Wang, Yu and Yin, Wotao and Zeng, Jinshan},
  journal={Journal of Scientific Computing},
  volume={78},
  number={1},
  pages={29--63},
  year={2019},
  publisher={Springer}
}

@article{zeng2021stochastic,
  title={On Stochastic Variance Reduced Gradient Method for Semidefinite Optimization},
  author={Zeng, Jinshan and Zha, Yixuan and Ma, Ke and Yao, Yuan},
  journal={arXiv preprint arXiv:2101.00236},
  year={2021}
}

@article{duchi2011adaptive,
  title={Adaptive subgradient methods for online learning and stochastic optimization},
  author={Duchi, John and Hazan, Elad and Singer, Yoram},
  journal={Journal of machine learning research},
  volume={12},
  number={7},
  year={2011}
}

@article{rumelhart1986learning,
  title={Learning representations by back-propagating errors},
  author={Rumelhart, David E and Hinton, Geoffrey E and Williams, Ronald J},
  journal={nature},
  volume={323},
  number={6088},
  pages={533--536},
  year={1986},
  publisher={Nature Publishing Group}
}

@techreport{tseng2008accelerated,
  title={On accelerated proximal gradient methods for convex-concave optimization},
  author={Tseng, Paul},
  year={2008},
  institution={MIT University}
}

@book{chong2004introduction,
  title={An introduction to optimization},
  author={Chong, Edwin KP and Zak, Stanislaw H},
  year={2004},
  publisher={John Wiley \& Sons}
}

@article{wolfe1969convergence,
  title={Convergence conditions for ascent methods},
  author={Wolfe, Philip},
  journal={SIAM review},
  volume={11},
  number={2},
  pages={226--235},
  year={1969},
  publisher={SIAM}
}

@book{zhang2006schur,
  title={The Schur complement and its applications},
  author={Zhang, Fuzhen},
  volume={4},
  year={2006},
  publisher={Springer Science \& Business Media}
}

@book{golub2013matrix,
  title={Matrix computations},
  author={Golub, Gene H and Van Loan, Charles F},
  volume={3},
  year={2013},
  publisher={JHU press}
}

@book{kelley1995iterative,
  title={Iterative methods for linear and nonlinear equations},
  author={Kelley, Carl T},
  year={1995},
  publisher={SIAM}
}

@article{fletcher1964function,
  title={Function minimization by conjugate gradients},
  author={Fletcher, Reeves and Reeves, Colin M},
  journal={The computer journal},
  volume={7},
  number={2},
  pages={149--154},
  year={1964},
  publisher={Oxford University Press}
}

@article{polak1969note,
  title={Note sur la convergence de m{\'e}thodes de directions conjugu{\'e}es},
  author={Polak, Elijah and Ribiere, Gerard},
  journal={ESAIM: Mathematical Modelling and Numerical Analysis-Mod{\'e}lisation Math{\'e}matique et Analyse Num{\'e}rique},
  volume={3},
  number={R1},
  pages={35--43},
  year={1969}
}

@article{dai1999nonlinear,
  title={A nonlinear conjugate gradient method with a strong global convergence property},
  author={Dai, Yu-Hong and Yuan, Yaxiang},
  journal={SIAM Journal on optimization},
  volume={10},
  number={1},
  pages={177--182},
  year={1999},
  publisher={SIAM}
}

@article{krylov1931numerical,
  title={On the numerical solution of equation by which are determined in technical problems the frequencies of small vibrations of material systems},
  author={Krylov, AN},
  journal={News Acad. Sci. USSR},
  volume={7},
  pages={491--539},
  year={1931}
}

@article{broyden1965class,
  title={A class of methods for solving nonlinear simultaneous equations},
  author={Broyden, Charles G},
  journal={Mathematics of computation},
  volume={19},
  number={92},
  pages={577--593},
  year={1965},
  publisher={JSTOR}
}

@article{davidon1991variable,
  title={Variable metric method for minimization},
  author={Davidon, William C},
  journal={SIAM Journal on Optimization},
  volume={1},
  number={1},
  pages={1--17},
  year={1991},
  publisher={SIAM}
}

@article{conn1991convergence,
  title={Convergence of quasi-Newton matrices generated by the symmetric rank one update},
  author={Conn, Andrew R and Gould, Nicholas IM and Toint, Ph L},
  journal={Mathematical programming},
  volume={50},
  number={1},
  pages={177--195},
  year={1991},
  publisher={Springer}
}

@book{avriel2003nonlinear,
  title={Nonlinear programming: analysis and methods},
  author={Avriel, Mordecai},
  year={2003},
  publisher={Courier Corporation}
}

@book{dennis1996numerical,
  title={Numerical methods for unconstrained optimization and nonlinear equations},
  author={Dennis Jr, John E and Schnabel, Robert B},
  year={1996},
  publisher={SIAM}
}

@article{hosseini2020alternative,
  title={An alternative to {EM} for {Gaussian} mixture models: batch and stochastic {Riemannian} optimization},
  author={Hosseini, Reshad and Sra, Suvrit},
  journal={Mathematical Programming},
  volume={181},
  number={1},
  pages={187--223},
  year={2020},
  publisher={Springer}
}

@book{lee2007nonlinear,
  title={Nonlinear dimensionality reduction},
  author={Lee, John A and Verleysen, Michel},
  year={2007},
  publisher={Springer Science \& Business Media}
}

@article{andrei2019diagonal,
  title={A diagonal quasi-{Newton} updating method for unconstrained optimization},
  author={Andrei, Neculai},
  journal={Numerical Algorithms},
  volume={81},
  number={2},
  pages={575--590},
  year={2019},
  publisher={Springer}
}

@book{steele2004cauchy,
  title={The {Cauchy}-{Schwarz} master class: an introduction to the art of mathematical inequalities},
  author={Steele, J Michael},
  year={2004},
  publisher={Cambridge University Press}
}

@article{fan1951maximum,
  title={Maximum properties and inequalities for the eigenvalues of completely continuous operators},
  author={Fan, Ky},
  journal={Proceedings of the National Academy of Sciences of the United States of America},
  volume={37},
  number={11},
  pages={760},
  year={1951},
  publisher={National Academy of Sciences}
}

@article{magnus1985matrix,
  title={Matrix differential calculus with applications to simple, Hadamard, and Kronecker products},
  author={Magnus, Jan R and Neudecker, Heinz},
  journal={Journal of Mathematical Psychology},
  volume={29},
  number={4},
  pages={474--492},
  year={1985},
  publisher={Elsevier}
}

@article{hjorungnes2007complex,
  title={Complex-valued matrix differentiation: Techniques and key results},
  author={Hjorungnes, Are and Gesbert, David},
  journal={IEEE Transactions on Signal Processing},
  volume={55},
  number={6},
  pages={2740--2746},
  year={2007},
  publisher={IEEE}
}

@techreport{chong2021MH,
  title={Complex Methods for the Sciences},
  author={Chong, Yidong D.},
  year={2021},
  institution={Nanyang Technological University}
}

@inproceedings{otero2018alternate,
  title={Alternate direction method of multipliers for unconstrained structural similarity-based optimization},
  author={Otero, Daniel and La Torre, Davide and Michailovich, Oleg V and Vrscay, Edward R},
  booktitle={International Conference Image Analysis and Recognition},
  pages={20--29},
  year={2018},
  organization={Springer}
}

@techreport{boyd2007localization,
  title={Localization and cutting-plane methods},
  author={Boyd, Stephen and Vandenberghe, Lieven},
  year={2007},
  institution={Stanford EE 364b lecture notes}
}

@article{goffin1993computation,
  title={On the computation of weighted analytic centers and dual ellipsoids with the projective algorithm},
  author={Goffin, Jean-Louis and Vial, Jean-Philippe},
  journal={Mathematical Programming},
  volume={60},
  number={1},
  pages={81--92},
  year={1993},
  publisher={Springer}
}

@article{nesterov1995cutting,
  title={Cutting plane algorithms from analytic centers: efficiency estimates},
  author={Nesterov, Yurii},
  journal={Mathematical Programming},
  volume={69},
  number={1},
  pages={149--176},
  year={1995}
}

@article{atkinson1995cutting,
  title={A cutting plane algorithm for convex programming that uses analytic centers},
  author={Atkinson, David S and Vaidya, Pravin M},
  journal={Mathematical Programming},
  volume={69},
  number={1},
  pages={1--43},
  year={1995},
  publisher={Springer}
}

@inproceedings{khachiyan1979polynomial,
  title={A polynomial algorithm in linear programming},
  author={Khachiyan, Leonid Genrikhovich},
  booktitle={Doklady Akademii Nauk},
  volume={244},
  number={5},
  pages={1093--1096},
  year={1979},
  organization={Russian Academy of Sciences}
}

@article{shor1977cut,
  title={Cut-off method with space extension in convex programming problems},
  author={Shor, Naum Zuselevich},
  journal={Cybernetics},
  volume={13},
  number={1},
  pages={94--96},
  year={1977},
  publisher={Springer}
}

@article{yudin1977evaluation,
  title={Evaluation of the informational complexity of mathematical programming problems},
  author={Yudin, DB and Nemirovski, AS},
  journal={{\`E}kon Math Metod, English translation: Matekon},
  volume={13},
  number={2},
  pages={3--24},
  year={1977}
}

@article{yudin1976informational,
  title={Informational complexity and efficient methods for the solution of convex extremal problems},
  author={Yudin, DB and Nemirovski, Arkadi S},
  journal={{\`E}kon Math Metod, English translation: Matekon},
  volume={13},
  number={2},
  pages={22--45},
  year={1976}
}

@article{yudin1977optimization,
  title={Optimization Methods Adapting to the ``Significant" Dimension of the Problem},
  author={Yudin, DB and Nemirovski, AS},
  journal={Autom Telemekhanika, English translation: Automation and Remote Control},
  volume={38},
  number={4},
  pages={513--524},
  year={1977}
}

@article{rebennack2009ellipsoid,
  title={Ellipsoid Method},
  journal={Encyclopedia of Optimization},
  author={Rebennack, Steffen},
  pages={890--899},
  year={2009},
  publisher={Springer}
}

@article{wolfe1980invited,
  title={Invited Note—Some References for the Ellipsoid Algorithm},
  author={Wolfe, Philip},
  journal={Management Science},
  volume={26},
  number={8},
  pages={747--749},
  year={1980},
  publisher={INFORMS}
}

@article{nash2000survey,
  title={A survey of truncated-{Newton} methods},
  author={Nash, Stephen G},
  journal={Journal of computational and applied mathematics},
  volume={124},
  number={1-2},
  pages={45--59},
  year={2000},
  publisher={Elsevier}
}

@article{feizi2017porcupine,
  title={Porcupine neural networks:(almost) all local optima are global},
  author={Feizi, Soheil and Javadi, Hamid and Zhang, Jesse and Tse, David},
  journal={arXiv preprint arXiv:1710.02196},
  year={2017}
}

@techreport{duchi2018sequential,
  title={Sequential Convex Programming},
  author={Duchi, John and Boyd, Stephen and Mattingley, Jacob},
  year={2018},
  institution={Notes for EE364b, Stanford University}
}

@article{boggs1995sequential,
  title={Sequential quadratic programming},
  author={Boggs, Paul T and Tolle, Jon W},
  journal={Acta numerica},
  volume={4},
  pages={1--51},
  year={1995},
  publisher={Cambridge University Press}
}

@incollection{dinh2010local,
  title={Local convergence of sequential convex programming for nonconvex optimization},
  author={Dinh, Quoc Tran and Diehl, Moritz},
  booktitle={Recent Advances in Optimization and its Applications in Engineering},
  pages={93--102},
  year={2010},
  publisher={Springer}
}

@book{conn2000trust,
  title={Trust region methods},
  author={Conn, Andrew R and Gould, Nicholas IM and Toint, Philippe L},
  year={2000},
  publisher={SIAM}
}

@incollection{di1994exact,
  title={Exact penalty methods},
  author={Di Pillo, Gianni},
  booktitle={Algorithms for Continuous Optimization},
  pages={209--253},
  year={1994},
  publisher={Springer}
}

@article{ghojogh2021reproducing,
  title={Reproducing Kernel {Hilbert} Space, {Mercer}'s Theorem, Eigenfunctions, {N}ystr\"om Method, and Use of Kernels in Machine Learning: Tutorial and Survey},
  author={Ghojogh, Benyamin and Ghodsi, Ali and Karray, Fakhri and Crowley, Mark},
  journal={arXiv preprint arXiv:2106.08443},
  year={2021}
}

@article{land1960automatic,
  title={An automatic method for solving discrete programming problems},
  author={Land, Ailsa H and Doig, Alison G},
  journal={Econometrica},
  volume={28},
  number={3},
  pages={497--520},
  year={1960}
}

@book{du2013minimax,
  title={Minimax and applications},
  author={Du, Ding-Zhu and Pardalos, Panos M},
  volume={4},
  year={2013},
  publisher={Springer Science \& Business Media}
}

@article{aumann1972some,
  title={Some thoughts on the minimax principle},
  author={Aumann, Robert J and Maschler, Michael},
  journal={Management Science},
  volume={18},
  number={5-part-2},
  pages={54--63},
  year={1972},
  publisher={INFORMS}
}

@article{petersen2012matrix,
  title={The matrix cookbook},
  author={Petersen, Kaare Brandt and Pedersen, Michael Syskind},
  journal={Technical University of Denmark},
  volume={15},
  year={2012}
}

@article{lemarechal2012cauchy,
  title={Cauchy and the gradient method},
  author={Lemar{\'e}chal, Claude},
  journal={Doc Math Extra},
  volume={251},
  number={254},
  pages={10},
  year={2012}
}

@book{hadamard1908memoire,
  title={M{\'e}moire sur le probl{\`e}me d'analyse relatif {\`a} l'{\'e}quilibre des plaques {\'e}lastiques encastr{\'e}es},
  author={Hadamard, Jacques},
  volume={33},
  year={1908},
  publisher={Imprimerie nationale}
}

@article{curry1944method,
  title={The method of steepest descent for non-linear minimization problems},
  author={Curry, Haskell B},
  journal={Quarterly of Applied Mathematics},
  volume={2},
  number={3},
  pages={258--261},
  year={1944}
}

@article{iusem2003convergence,
  title={On the convergence properties of the projected gradient method for convex optimization},
  author={Iusem, Alfredo N},
  journal={Computational \& Applied Mathematics},
  volume={22},
  pages={37--52},
  year={2003},
  publisher={SciELO Brasil}
}

@article{tikhomirov1996evolution,
  title={The evolution of methods of convex optimization},
  author={Tikhomirov, Vladimir M},
  journal={The American Mathematical Monthly},
  volume={103},
  number={1},
  pages={65--71},
  year={1996},
  publisher={Taylor \& Francis}
}

@article{hosseini2020recent,
  title={Recent advances in stochastic {Riemannian} optimization},
  author={Hosseini, Reshad and Sra, Suvrit},
  journal={Handbook of Variational Methods for Nonlinear Geometric Data},
  pages={527--554},
  year={2020},
  publisher={Springer}
}

@article{sra2015conic,
  title={Conic geometric optimization on the manifold of positive definite matrices},
  author={Sra, Suvrit and Hosseini, Reshad},
  journal={SIAM Journal on Optimization},
  volume={25},
  number={1},
  pages={713--739},
  year={2015},
  publisher={SIAM}
}

@article{edelman1998geometry,
  title={The geometry of algorithms with orthogonality constraints},
  author={Edelman, Alan and Arias, Tom{\'a}s A and Smith, Steven T},
  journal={SIAM journal on Matrix Analysis and Applications},
  volume={20},
  number={2},
  pages={303--353},
  year={1998},
  publisher={SIAM}
}

@incollection{lee2013quotient,
  title={Quotient Manifolds},
  author={Lee, John M},
  booktitle={Introduction to Smooth Manifolds},
  pages={540--563},
  year={2013},
  publisher={Springer}
}

@article{bendokat2020grassmann,
  title={A {Grassmann} manifold handbook: Basic geometry and computational aspects},
  author={Bendokat, Thomas and Zimmermann, Ralf and Absil, P-A},
  journal={arXiv preprint arXiv:2011.13699},
  year={2020}
}

@article{hu2020brief,
  title={A brief introduction to manifold optimization},
  author={Hu, Jiang and Liu, Xin and Wen, Zai-Wen and Yuan, Ya-Xiang},
  journal={Journal of the Operations Research Society of China},
  volume={8},
  number={2},
  pages={199--248},
  year={2020},
  publisher={Springer}
}

@article{soltanolkotabi2018theoretical,
  title={Theoretical insights into the optimization landscape of over-parameterized shallow neural networks},
  author={Soltanolkotabi, Mahdi and Javanmard, Adel and Lee, Jason D},
  journal={IEEE Transactions on Information Theory},
  volume={65},
  number={2},
  pages={742--769},
  year={2018},
  publisher={IEEE}
}

@article{allen2019learning,
  title={Learning and generalization in overparameterized neural networks, going beyond two layers},
  author={Allen-Zhu, Zeyuan and Li, Yuanzhi and Liang, Yingyu},
  journal={Advances in neural information processing systems},
  year={2019}
}

@inproceedings{allen2019convergence,
  title={A convergence theory for deep learning via over-parameterization},
  author={Allen-Zhu, Zeyuan and Li, Yuanzhi and Song, Zhao},
  booktitle={International Conference on Machine Learning},
  pages={242--252},
  year={2019}
}

@book{talbi2009metaheuristics,
  title={Metaheuristics: from design to implementation},
  author={Talbi, El-Ghazali},
  volume={74},
  year={2009},
  publisher={John Wiley \& Sons}
}

@book{yang2010nature,
  title={Nature-inspired metaheuristic algorithms},
  author={Yang, Xin-She},
  year={2010},
  publisher={Luniver press}
}

@book{simon2013evolutionary,
  title={Evolutionary optimization algorithms},
  author={Simon, Dan},
  year={2013},
  publisher={John Wiley \& Sons}
}

@book{holland1992adaptation,
  title={Adaptation in natural and artificial systems: an introductory analysis with applications to biology, control, and artificial intelligence},
  author={Holland, John Henry and others},
  year={1992},
  publisher={MIT press}
}

@inproceedings{kennedy1995particle,
  title={Particle swarm optimization},
  author={Kennedy, James and Eberhart, Russell},
  booktitle={Proceedings of ICNN'95-international conference on neural networks},
  volume={4},
  pages={1942--1948},
  year={1995},
  organization={IEEE}
}

@article{sammon1969nonlinear,
  title={A nonlinear mapping for data structure analysis},
  author={Sammon, John W},
  journal={IEEE Transactions on computers},
  volume={100},
  number={5},
  pages={401--409},
  year={1969},
  publisher={IEEE}
}


